
<marc:record><marc:leader>02206cam a2200505 c 4500</marc:leader>
<marc:controlfield tag="001">990300122874702202</marc:controlfield>
<marc:controlfield tag="005">20230303121212.0</marc:controlfield><marc:controlfield tag="007">ta</marc:controlfield><marc:controlfield tag="008">120816s2002    no#|||||||||||000|1|nob| </marc:controlfield><marc:datafield tag="014" ind1="1" ind2=" "><marc:subfield code="a">030012287</marc:subfield><marc:subfield code="b">(NO-TrBIB)</marc:subfield></marc:datafield><marc:datafield tag="014" ind1="1" ind2=" "><marc:subfield code="a">030012287</marc:subfield><marc:subfield code="b">(NO-TrBIB)</marc:subfield></marc:datafield><marc:datafield tag="015" ind1=" " ind2=" "><marc:subfield code="a">0305075</marc:subfield><marc:subfield code="2">nbf</marc:subfield></marc:datafield><marc:datafield tag="020" ind1=" " ind2=" "><marc:subfield code="a">8252550940</marc:subfield><marc:subfield code="q">ib.</marc:subfield></marc:datafield><marc:datafield tag="035" ind1=" " ind2=" "><marc:subfield code="a">(EXLNZ-47BIBSYS_NETWORK)990300122874702201</marc:subfield></marc:datafield><marc:datafield tag="035" ind1=" " ind2=" "><marc:subfield code="a">(NO-TrBIB)030012287</marc:subfield></marc:datafield><marc:datafield tag="035" ind1=" " ind2=" "><marc:subfield code="a">030012287-47bibsys_network</marc:subfield></marc:datafield><marc:datafield tag="035" ind1=" " ind2=" "><marc:subfield code="a">03ga00073-47bibsys_nb</marc:subfield></marc:datafield><marc:datafield tag="035" ind1=" " ind2=" "><marc:subfield code="a">03sa01069-47bibsys_nb</marc:subfield></marc:datafield><marc:datafield tag="040" ind1=" " ind2=" "><marc:subfield code="a">NO-OsNB</marc:subfield><marc:subfield code="b">nob</marc:subfield><marc:subfield code="e">katreg</marc:subfield></marc:datafield><marc:datafield tag="042" ind1=" " ind2=" "><marc:subfield code="a">norbibl</marc:subfield></marc:datafield><marc:datafield tag="044" ind1=" " ind2=" "><marc:subfield code="c">no</marc:subfield></marc:datafield><marc:datafield tag="082" ind1="0" ind2="4"><marc:subfield code="a">839.82</marc:subfield><marc:subfield code="2">23</marc:subfield></marc:datafield><marc:datafield tag="082" ind1="7" ind2="4"><marc:subfield code="a">839.823</marc:subfield><marc:subfield code="q">NO-OsNB</marc:subfield><marc:subfield code="2">4/nor</marc:subfield></marc:datafield><marc:datafield tag="100" ind1="1" ind2=" "><marc:subfield code="a">Fossum, Karin</marc:subfield><marc:subfield code="d">1954-</marc:subfield><marc:subfield code="0">(NO-TrBIB)90608300</marc:subfield></marc:datafield><marc:datafield tag="245" ind1="1" ind2="0"><marc:subfield code="a">Elskede Poona</marc:subfield><marc:subfield code="c">Karin Fossum</marc:subfield></marc:datafield><marc:datafield tag="260" ind1=" " ind2=" "><marc:subfield code="a">[Oslo]</marc:subfield><marc:subfield code="b">Den norske bokklubben</marc:subfield><marc:subfield code="c">2002</marc:subfield></marc:datafield><marc:datafield tag="300" ind1=" " ind2=" "><marc:subfield code="a">256 s.</marc:subfield></marc:datafield><marc:datafield tag="500" ind1=" " ind2=" "><marc:subfield code="a">1. utg. Oslo : Cappelen, 2000</marc:subfield></marc:datafield><marc:datafield tag="500" ind1=" " ind2=" "><marc:subfield code="a">Utgitt som månedens bok</marc:subfield></marc:datafield><marc:datafield tag="533" ind1=" " ind2=" "><marc:subfield code="a">Elektronisk reproduksjon</marc:subfield><marc:subfield code="b">[Norge]</marc:subfield><marc:subfield code="c">Nasjonalbiblioteket Digital</marc:subfield><marc:subfield code="d">2016-07-05</marc:subfield></marc:datafield><marc:datafield tag="852" ind1="8" ind2=" "><marc:subfield code="b">0030100</marc:subfield><marc:subfield code="c">g00005</marc:subfield><marc:subfield code="h">NA/A 2002:6675</marc:subfield></marc:datafield><marc:datafield tag="852" ind1="8" ind2=" "><marc:subfield code="b">0183334</marc:subfield><marc:subfield code="c">g00001</marc:subfield><marc:subfield code="h">b</marc:subfield></marc:datafield><marc:datafield tag="856" ind1="4" ind2="0"><marc:subfield code="3"></marc:subfield><marc:subfield code="y">NB Digital</marc:subfield><marc:subfield code="u">http://urn.nb.no/URN:NBN:no-nb_digibok_2016070548041</marc:subfield><marc:subfield code="z"></marc:subfield></marc:datafield><marc:datafield tag="856" ind1="4" ind2="1"><marc:subfield code="3">Fulltekst</marc:subfield><marc:subfield code="u">https://urn.nb.no/URN:NBN:no-nb_digibok_2016070548041</marc:subfield><marc:subfield code="y">Nettbiblioteket</marc:subfield><marc:subfield code="z">Digital representasjon</marc:subfield></marc:datafield><marc:datafield tag="856" ind1="4" ind2="2"><marc:subfield code="3">Forlagets beskrivelse (lang)</marc:subfield><marc:subfield code="u">https://contents.bibs.aws.unit.no/?isbn=8252550940</marc:subfield></marc:datafield><marc:datafield tag="856" ind1="4" ind2="2"><marc:subfield code="3">Omslagsbilde</marc:subfield><marc:subfield code="u">https://contents.bibs.aws.unit.no/files/images/large/8/4/9788252550948.jpg</marc:subfield><marc:subfield code="q">image/jpeg</marc:subfield></marc:datafield><marc:datafield tag="856" ind1="4" ind2="2"><marc:subfield code="3">Omslagsbilde</marc:subfield><marc:subfield code="u">https://contents.bibs.aws.unit.no/files/images/small/0/4/8252550940.jpg</marc:subfield><marc:subfield code="q">image/jpeg</marc:subfield></marc:datafield><marc:datafield tag="856" ind1="4" ind2="2"><marc:subfield code="3">Omslagsbilde</marc:subfield><marc:subfield code="u">https://contents.bibs.aws.unit.no/files/images/small/8/4/9788252550948.jpg</marc:subfield><marc:subfield code="q">image/jpeg</marc:subfield></marc:datafield><marc:datafield tag="856" ind1="4" ind2="2"><marc:subfield code="3">Originalt bilde</marc:subfield><marc:subfield code="u">https://contents.bibs.aws.unit.no/files/images/original/8/4/9788252550948.jpg</marc:subfield><marc:subfield code="q">image/jpeg</marc:subfield></marc:datafield><marc:datafield tag="859" ind1=" " ind2=" "><marc:subfield code="a">0030100</marc:subfield><marc:subfield code="b">g00005</marc:subfield><marc:subfield code="c">NA/A 2002:6675</marc:subfield><marc:subfield code="f">0</marc:subfield><marc:subfield code="h">0</marc:subfield><marc:subfield code="x">2015-10-31</marc:subfield></marc:datafield><marc:datafield tag="859" ind1=" " ind2=" "><marc:subfield code="a">0183334</marc:subfield><marc:subfield code="b">g00001</marc:subfield><marc:subfield code="c">b</marc:subfield><marc:subfield code="f">0</marc:subfield><marc:subfield code="h">0</marc:subfield><marc:subfield code="x">2015-10-31</marc:subfield></marc:datafield><marc:datafield tag="876" ind1=" " ind2=" "><marc:subfield code="a">03ga00073</marc:subfield><marc:subfield code="d">20030103</marc:subfield><marc:subfield code="j">kat</marc:subfield><marc:subfield code="p">03ga00073</marc:subfield><marc:subfield code="r">03ga00073</marc:subfield><marc:subfield code="w">BOOK</marc:subfield><marc:subfield code="z">(ib.) (Til bruk på NB Oslos lesesal)</marc:subfield></marc:datafield><marc:datafield tag="876" ind1=" " ind2=" "><marc:subfield code="a">03sa01069</marc:subfield><marc:subfield code="d">20030122</marc:subfield><marc:subfield code="j">kat</marc:subfield><marc:subfield code="p">03sa01069</marc:subfield><marc:subfield code="r">03sa01069</marc:subfield><marc:subfield code="w">BOOK</marc:subfield></marc:datafield><marc:datafield tag="901" ind1=" " ind2=" "><marc:subfield code="a">90</marc:subfield></marc:datafield><marc:datafield tag="913" ind1=" " ind2=" "><marc:subfield code="a">Norbok</marc:subfield><marc:subfield code="b">NB</marc:subfield></marc:datafield></marc:record>