
<marc:record><marc:leader>02310cam a2200541 c 4500</marc:leader>
<marc:controlfield tag="001">990313835484702202</marc:controlfield>
<marc:controlfield tag="005">20230308122358.0</marc:controlfield><marc:controlfield tag="007">cr||||||||||||</marc:controlfield><marc:controlfield tag="007">ta</marc:controlfield><marc:controlfield tag="008">110826s2003    no#||||| |||||000|1|nob| </marc:controlfield><marc:datafield tag="014" ind1="1" ind2=" "><marc:subfield code="a">031383548</marc:subfield><marc:subfield code="b">(NO-TrBIB)</marc:subfield></marc:datafield><marc:datafield tag="014" ind1="1" ind2=" "><marc:subfield code="a">031383548</marc:subfield><marc:subfield code="b">(NO-TrBIB)</marc:subfield></marc:datafield><marc:datafield tag="015" ind1=" " ind2=" "><marc:subfield code="a">0311179</marc:subfield><marc:subfield code="2">nbf</marc:subfield></marc:datafield><marc:datafield tag="020" ind1=" " ind2=" "><marc:subfield code="a">8202228239</marc:subfield><marc:subfield code="q">h.</marc:subfield><marc:subfield code="c">Nkr 99.00</marc:subfield></marc:datafield><marc:datafield tag="035" ind1=" " ind2=" "><marc:subfield code="a">(EXLNZ-47BIBSYS_NETWORK)990313835484702201</marc:subfield></marc:datafield><marc:datafield tag="035" ind1=" " ind2=" "><marc:subfield code="a">(NO-TrBIB)031383548</marc:subfield></marc:datafield><marc:datafield tag="035" ind1=" " ind2=" "><marc:subfield code="a">(NO-TrBIB)112195784</marc:subfield></marc:datafield><marc:datafield tag="035" ind1=" " ind2=" "><marc:subfield code="a">031383548-47bibsys_network</marc:subfield></marc:datafield><marc:datafield tag="035" ind1=" " ind2=" "><marc:subfield code="a">03ga14029-47bibsys_nb</marc:subfield></marc:datafield><marc:datafield tag="035" ind1=" " ind2=" "><marc:subfield code="a">03sa11672-47bibsys_nb</marc:subfield></marc:datafield><marc:datafield tag="040" ind1=" " ind2=" "><marc:subfield code="a">NO-OsNB</marc:subfield><marc:subfield code="b">nob</marc:subfield><marc:subfield code="e">katreg</marc:subfield></marc:datafield><marc:datafield tag="042" ind1=" " ind2=" "><marc:subfield code="a">norbibl</marc:subfield></marc:datafield><marc:datafield tag="044" ind1=" " ind2=" "><marc:subfield code="c">no</marc:subfield></marc:datafield><marc:datafield tag="082" ind1="7" ind2="4"><marc:subfield code="a">839.823</marc:subfield><marc:subfield code="q">NO-OsNB</marc:subfield><marc:subfield code="2">5/nor</marc:subfield></marc:datafield><marc:datafield tag="100" ind1="1" ind2=" "><marc:subfield code="a">Fossum, Karin</marc:subfield><marc:subfield code="d">1954-</marc:subfield><marc:subfield code="0">(NO-TrBIB)90608300</marc:subfield></marc:datafield><marc:datafield tag="245" ind1="1" ind2="0"><marc:subfield code="a">Elskede Poona :</marc:subfield><marc:subfield code="b">kriminalroman</marc:subfield><marc:subfield code="c">Karin Fossum</marc:subfield></marc:datafield><marc:datafield tag="260" ind1=" " ind2=" "><marc:subfield code="a">[Oslo]</marc:subfield><marc:subfield code="b">Cappelen</marc:subfield><marc:subfield code="c">2003</marc:subfield></marc:datafield><marc:datafield tag="300" ind1=" " ind2=" "><marc:subfield code="a">273 s.</marc:subfield></marc:datafield><marc:datafield tag="490" ind1="1" ind2=" "><marc:subfield code="a">Cap spenningens mestere</marc:subfield></marc:datafield><marc:datafield tag="500" ind1=" " ind2=" "><marc:subfield code="a">1. utg. 2000</marc:subfield></marc:datafield><marc:datafield tag="500" ind1=" " ind2=" "><marc:subfield code="a">Opplagshistorikk:  2. oppl. 2005</marc:subfield></marc:datafield><marc:datafield tag="533" ind1=" " ind2=" "><marc:subfield code="a">Elektronisk reproduksjon</marc:subfield><marc:subfield code="b">[Norge]</marc:subfield><marc:subfield code="c">Nasjonalbiblioteket Digital</marc:subfield><marc:subfield code="d">2011-03-25</marc:subfield></marc:datafield><marc:datafield tag="830" ind1=" " ind2="0"><marc:subfield code="a">Cap spenningens mestere</marc:subfield></marc:datafield><marc:datafield tag="852" ind1="8" ind2=" "><marc:subfield code="b">0030100</marc:subfield><marc:subfield code="c">g00005</marc:subfield><marc:subfield code="h">NA/A 2003:3816</marc:subfield></marc:datafield><marc:datafield tag="852" ind1="8" ind2=" "><marc:subfield code="b">0183334</marc:subfield><marc:subfield code="c">g00001</marc:subfield><marc:subfield code="h">c</marc:subfield></marc:datafield><marc:datafield tag="856" ind1="4" ind2="0"><marc:subfield code="3"></marc:subfield><marc:subfield code="y">NB Digital</marc:subfield><marc:subfield code="u">http://urn.nb.no/URN:NBN:no-nb_digibok_2011032508131</marc:subfield><marc:subfield code="z"></marc:subfield></marc:datafield><marc:datafield tag="856" ind1="4" ind2="1"><marc:subfield code="3">Fulltekst</marc:subfield><marc:subfield code="u">https://urn.nb.no/URN:NBN:no-nb_digibok_2011032508131</marc:subfield><marc:subfield code="y">Nettbiblioteket</marc:subfield><marc:subfield code="z">Digital representasjon</marc:subfield></marc:datafield><marc:datafield tag="856" ind1="4" ind2="2"><marc:subfield code="3">Forlagets beskrivelse (kort)</marc:subfield><marc:subfield code="u">https://contents.bibs.aws.unit.no/?isbn=8202228239</marc:subfield></marc:datafield><marc:datafield tag="856" ind1="4" ind2="2"><marc:subfield code="3">Forlagets beskrivelse (lang)</marc:subfield><marc:subfield code="u">https://contents.bibs.aws.unit.no/?isbn=8202228239</marc:subfield></marc:datafield><marc:datafield tag="856" ind1="4" ind2="2"><marc:subfield code="3">Miniatyrbilde</marc:subfield><marc:subfield code="u">https://contents.bibs.aws.unit.no/files/images/small/1/3/9788202228231.jpg</marc:subfield><marc:subfield code="q">image/jpeg</marc:subfield></marc:datafield><marc:datafield tag="856" ind1="4" ind2="2"><marc:subfield code="3">Omslagsbilde</marc:subfield><marc:subfield code="u">https://contents.bibs.aws.unit.no/files/images/large/1/3/9788202228231.jpg</marc:subfield><marc:subfield code="q">image/jpeg</marc:subfield></marc:datafield><marc:datafield tag="856" ind1="4" ind2="2"><marc:subfield code="3">Originalt bilde</marc:subfield><marc:subfield code="u">https://contents.bibs.aws.unit.no/files/images/original/1/3/9788202228231.jpg</marc:subfield><marc:subfield code="q">image/jpeg</marc:subfield></marc:datafield><marc:datafield tag="859" ind1=" " ind2=" "><marc:subfield code="a">0030100</marc:subfield><marc:subfield code="b">g00005</marc:subfield><marc:subfield code="c">NA/A 2003:3816</marc:subfield><marc:subfield code="f">0</marc:subfield><marc:subfield code="h">0</marc:subfield><marc:subfield code="x">2015-10-31</marc:subfield></marc:datafield><marc:datafield tag="859" ind1=" " ind2=" "><marc:subfield code="a">0183334</marc:subfield><marc:subfield code="b">g00001</marc:subfield><marc:subfield code="c">c</marc:subfield><marc:subfield code="f">0</marc:subfield><marc:subfield code="h">0</marc:subfield><marc:subfield code="x">2015-10-31</marc:subfield></marc:datafield><marc:datafield tag="876" ind1=" " ind2=" "><marc:subfield code="a">03ga14029</marc:subfield><marc:subfield code="d">20030917</marc:subfield><marc:subfield code="j">kat</marc:subfield><marc:subfield code="p">03ga14029</marc:subfield><marc:subfield code="r">03ga14029</marc:subfield><marc:subfield code="w">BOOK</marc:subfield><marc:subfield code="z">(h.) (Til bruk på NB Oslos lesesal)</marc:subfield></marc:datafield><marc:datafield tag="876" ind1=" " ind2=" "><marc:subfield code="a">03sa11672</marc:subfield><marc:subfield code="d">20030814</marc:subfield><marc:subfield code="j">kat</marc:subfield><marc:subfield code="p">03sa11672</marc:subfield><marc:subfield code="r">03sa11672</marc:subfield><marc:subfield code="w">BOOK</marc:subfield></marc:datafield><marc:datafield tag="901" ind1=" " ind2=" "><marc:subfield code="a">90</marc:subfield></marc:datafield><marc:datafield tag="913" ind1=" " ind2=" "><marc:subfield code="a">Norbok</marc:subfield><marc:subfield code="b">NB</marc:subfield></marc:datafield></marc:record>