
<marc:record><marc:leader>01620cim a2200349 c 4500</marc:leader>
<marc:controlfield tag="001">990415050694702202</marc:controlfield>
<marc:controlfield tag="005">20230313115824.0</marc:controlfield><marc:controlfield tag="007">sd f||||||||||</marc:controlfield><marc:controlfield tag="008">110826s2002    xx#|||| ||||||||||||nob|d</marc:controlfield><marc:datafield tag="014" ind1="1" ind2=" "><marc:subfield code="a">041505069</marc:subfield><marc:subfield code="b">(NO-TrBIB)</marc:subfield></marc:datafield><marc:datafield tag="020" ind1=" " ind2=" "><marc:subfield code="a">8278441421</marc:subfield></marc:datafield><marc:datafield tag="035" ind1=" " ind2=" "><marc:subfield code="a">(EXLNZ-47BIBSYS_NETWORK)990415050694702201</marc:subfield></marc:datafield><marc:datafield tag="035" ind1=" " ind2=" "><marc:subfield code="a">(NO-TrBIB)041505069</marc:subfield></marc:datafield><marc:datafield tag="035" ind1=" " ind2=" "><marc:subfield code="a">041505069-47bibsys_network</marc:subfield></marc:datafield><marc:datafield tag="035" ind1=" " ind2=" "><marc:subfield code="a">04sa10392-47bibsys_nb</marc:subfield></marc:datafield><marc:datafield tag="040" ind1=" " ind2=" "><marc:subfield code="a">NO-TrBIB</marc:subfield><marc:subfield code="b">nob</marc:subfield><marc:subfield code="e">katreg</marc:subfield></marc:datafield><marc:datafield tag="100" ind1="1" ind2=" "><marc:subfield code="a">Fossum, Karin</marc:subfield><marc:subfield code="d">1954-</marc:subfield><marc:subfield code="0">(NO-TrBIB)90608300</marc:subfield></marc:datafield><marc:datafield tag="245" ind1="1" ind2="0"><marc:subfield code="a">Svarte sekunder</marc:subfield><marc:subfield code="c">Karin Fossum</marc:subfield><marc:subfield code="h">[lydopptak]</marc:subfield></marc:datafield><marc:datafield tag="260" ind1=" " ind2=" "><marc:subfield code="a">[Oslo]</marc:subfield><marc:subfield code="b">Fono Forlag AS</marc:subfield><marc:subfield code="c">2002</marc:subfield></marc:datafield><marc:datafield tag="300" ind1=" " ind2=" "><marc:subfield code="a">7 plater (CD) (8 t)</marc:subfield><marc:subfield code="b">digital</marc:subfield><marc:subfield code="c">12 cm, i eske</marc:subfield></marc:datafield><marc:datafield tag="500" ind1=" " ind2=" "><marc:subfield code="a">Lest av Trini Lund</marc:subfield></marc:datafield><marc:datafield tag="700" ind1="1" ind2=" "><marc:subfield code="a">Lund, Trini</marc:subfield><marc:subfield code="d">1951-</marc:subfield><marc:subfield code="0">(NO-TrBIB)98025238</marc:subfield></marc:datafield><marc:datafield tag="852" ind1="8" ind2=" "><marc:subfield code="b">0183334</marc:subfield><marc:subfield code="c">g00001</marc:subfield></marc:datafield><marc:datafield tag="856" ind1="4" ind2="2"><marc:subfield code="3">Forlagets beskrivelse (kort)</marc:subfield><marc:subfield code="u">https://contents.bibs.aws.unit.no/?isbn=8278441421</marc:subfield></marc:datafield><marc:datafield tag="856" ind1="4" ind2="2"><marc:subfield code="3">Forlagets beskrivelse (lang)</marc:subfield><marc:subfield code="u">https://contents.bibs.aws.unit.no/?isbn=8278441421</marc:subfield></marc:datafield><marc:datafield tag="856" ind1="4" ind2="2"><marc:subfield code="3">Lydfil</marc:subfield><marc:subfield code="u">https://contents.bibs.aws.unit.no/files/audio/mp3/8/2/9788278441428.mp3</marc:subfield><marc:subfield code="q">audio/mpeg</marc:subfield></marc:datafield><marc:datafield tag="856" ind1="4" ind2="2"><marc:subfield code="3">Miniatyrbilde</marc:subfield><marc:subfield code="u">https://contents.bibs.aws.unit.no/files/images/small/8/2/9788278441428.jpg</marc:subfield><marc:subfield code="q">image/jpeg</marc:subfield></marc:datafield><marc:datafield tag="856" ind1="4" ind2="2"><marc:subfield code="3">Omslagsbilde</marc:subfield><marc:subfield code="u">https://contents.bibs.aws.unit.no/files/images/large/8/2/9788278441428.jpg</marc:subfield><marc:subfield code="q">image/jpeg</marc:subfield></marc:datafield><marc:datafield tag="856" ind1="4" ind2="2"><marc:subfield code="3">Originalt bilde</marc:subfield><marc:subfield code="u">https://contents.bibs.aws.unit.no/files/images/original/8/2/9788278441428.jpg</marc:subfield><marc:subfield code="q">image/jpeg</marc:subfield></marc:datafield><marc:datafield tag="859" ind1=" " ind2=" "><marc:subfield code="a">0183334</marc:subfield><marc:subfield code="b">g00001</marc:subfield><marc:subfield code="f">0</marc:subfield><marc:subfield code="h">3</marc:subfield><marc:subfield code="x">2015-10-31</marc:subfield></marc:datafield><marc:datafield tag="876" ind1=" " ind2=" "><marc:subfield code="a">04sa10392</marc:subfield><marc:subfield code="d">20070315</marc:subfield><marc:subfield code="j">oppgitt</marc:subfield><marc:subfield code="p">04sa10392</marc:subfield><marc:subfield code="r">04sa10392</marc:subfield><marc:subfield code="w">CD</marc:subfield><marc:subfield code="x">Publ. er utsolgt. 21.02.07, BR</marc:subfield></marc:datafield><marc:datafield tag="901" ind1=" " ind2=" "><marc:subfield code="a">80</marc:subfield></marc:datafield></marc:record>