
<marc:record><marc:leader>03476cam a2200745 c 4500</marc:leader>
<marc:controlfield tag="001">990417281144702202</marc:controlfield>
<marc:controlfield tag="005">20230531150531.0</marc:controlfield><marc:controlfield tag="007">cr||||||||||||</marc:controlfield><marc:controlfield tag="007">ta</marc:controlfield><marc:controlfield tag="008">150828s2004    no ||||| |||||000|f|nob| </marc:controlfield><marc:datafield tag="014" ind1="1" ind2=" "><marc:subfield code="a">041728114</marc:subfield><marc:subfield code="b">(NO-TrBIB)</marc:subfield></marc:datafield><marc:datafield tag="014" ind1="1" ind2=" "><marc:subfield code="a">041728114</marc:subfield><marc:subfield code="b">(NO-TrBIB)</marc:subfield></marc:datafield><marc:datafield tag="015" ind1=" " ind2=" "><marc:subfield code="a">0412870</marc:subfield><marc:subfield code="2">nbf</marc:subfield></marc:datafield><marc:datafield tag="020" ind1=" " ind2=" "><marc:subfield code="a">8202240654</marc:subfield><marc:subfield code="q">ib.</marc:subfield><marc:subfield code="c">Nkr 349.00</marc:subfield><marc:subfield code="q">Cappelen</marc:subfield></marc:datafield><marc:datafield tag="020" ind1=" " ind2=" "><marc:subfield code="a">8202241480</marc:subfield><marc:subfield code="q">ib.</marc:subfield><marc:subfield code="q">Cappelens bokklubb</marc:subfield></marc:datafield><marc:datafield tag="020" ind1=" " ind2=" "><marc:subfield code="a">8252545572</marc:subfield><marc:subfield code="q">ib.</marc:subfield><marc:subfield code="q">De norske bokklubbene</marc:subfield></marc:datafield><marc:datafield tag="035" ind1=" " ind2=" "><marc:subfield code="a">(EXLNZ-47BIBSYS_NETWORK)990417281144702201</marc:subfield></marc:datafield><marc:datafield tag="035" ind1=" " ind2=" "><marc:subfield code="a">(NO-TrBIB)041728114</marc:subfield></marc:datafield><marc:datafield tag="035" ind1=" " ind2=" "><marc:subfield code="a">(NO-TrBIB)112692133</marc:subfield></marc:datafield><marc:datafield tag="035" ind1=" " ind2=" "><marc:subfield code="a">041728114-47bibsys_network</marc:subfield></marc:datafield><marc:datafield tag="035" ind1=" " ind2=" "><marc:subfield code="a">04ga14395-47bibsys_nb</marc:subfield></marc:datafield><marc:datafield tag="035" ind1=" " ind2=" "><marc:subfield code="a">04sa14375-47bibsys_nb</marc:subfield></marc:datafield><marc:datafield tag="040" ind1=" " ind2=" "><marc:subfield code="a">NO-OsNB</marc:subfield><marc:subfield code="b">nob</marc:subfield><marc:subfield code="e">katreg</marc:subfield></marc:datafield><marc:datafield tag="042" ind1=" " ind2=" "><marc:subfield code="a">norbibl</marc:subfield></marc:datafield><marc:datafield tag="044" ind1=" " ind2=" "><marc:subfield code="c">no</marc:subfield></marc:datafield><marc:datafield tag="080" ind1=" " ind2=" "><marc:subfield code="a">82</marc:subfield></marc:datafield><marc:datafield tag="080" ind1=" " ind2=" "><marc:subfield code="a">839.6</marc:subfield></marc:datafield><marc:datafield tag="082" ind1="0" ind2="4"><marc:subfield code="a">839.82</marc:subfield><marc:subfield code="2">23</marc:subfield></marc:datafield><marc:datafield tag="082" ind1="7" ind2="4"><marc:subfield code="a">839.823</marc:subfield><marc:subfield code="q">NO-OsNB</marc:subfield><marc:subfield code="2">5/nor</marc:subfield></marc:datafield><marc:datafield tag="084" ind1=" " ind2=" "><marc:subfield code="a">S 4b</marc:subfield><marc:subfield code="2">oosk</marc:subfield></marc:datafield><marc:datafield tag="100" ind1="1" ind2=" "><marc:subfield code="a">Fossum, Karin</marc:subfield><marc:subfield code="d">1954-</marc:subfield><marc:subfield code="0">(NO-TrBIB)90608300</marc:subfield></marc:datafield><marc:datafield tag="245" ind1="1" ind2="0"><marc:subfield code="a">Drapet på Harriet Krohn</marc:subfield><marc:subfield code="c">Karin Fossum</marc:subfield></marc:datafield><marc:datafield tag="260" ind1=" " ind2=" "><marc:subfield code="a">[Oslo]</marc:subfield><marc:subfield code="b">Cappelen</marc:subfield><marc:subfield code="c">2004</marc:subfield></marc:datafield><marc:datafield tag="300" ind1=" " ind2=" "><marc:subfield code="a">239 s.</marc:subfield></marc:datafield><marc:datafield tag="533" ind1=" " ind2=" "><marc:subfield code="a">Elektronisk reproduksjon</marc:subfield><marc:subfield code="b">[Norge]</marc:subfield><marc:subfield code="c">Nasjonalbiblioteket Digital</marc:subfield><marc:subfield code="d">2011-05-16</marc:subfield></marc:datafield><marc:datafield tag="653" ind1=" " ind2=" "><marc:subfield code="a">skjønnlitteratur</marc:subfield><marc:subfield code="a">kriminalromaner</marc:subfield><marc:subfield code="a">norske</marc:subfield><marc:subfield code="a">romaner</marc:subfield><marc:subfield code="a">2000-tallet</marc:subfield><marc:subfield code="a">norsk</marc:subfield><marc:subfield code="a">prosa</marc:subfield><marc:subfield code="a">krim</marc:subfield></marc:datafield><marc:datafield tag="655" ind1=" " ind2="4"><marc:subfield code="a">Kriminal</marc:subfield></marc:datafield><marc:datafield tag="655" ind1=" " ind2="7"><marc:subfield code="a">Romaner</marc:subfield><marc:subfield code="0">(uri)https://id.nb.no/vocabulary/ntsf/258</marc:subfield><marc:subfield code="2">ntsf</marc:subfield></marc:datafield><marc:datafield tag="767" ind1="0" ind2=" "><marc:subfield code="a">Fossum, Karin</marc:subfield><marc:subfield code="t">De moord op Harriet Krohn :</marc:subfield><marc:subfield code="w">999920557070602201</marc:subfield></marc:datafield><marc:datafield tag="767" ind1="0" ind2=" "><marc:subfield code="a">Fossum, Karin</marc:subfield><marc:subfield code="t">El asesinato de Harriet Krohn</marc:subfield><marc:subfield code="w">999920557067502201</marc:subfield></marc:datafield><marc:datafield tag="767" ind1="0" ind2=" "><marc:subfield code="a">Fossum, Karin</marc:subfield><marc:subfield code="t">The murder of Harriet Krohn</marc:subfield><marc:subfield code="w">991420989734702201</marc:subfield></marc:datafield><marc:datafield tag="767" ind1="0" ind2=" "><marc:subfield code="a">Fossum, Karin</marc:subfield><marc:subfield code="t">The murder of Harriet Krohn</marc:subfield><marc:subfield code="w">991500256884702201</marc:subfield></marc:datafield><marc:datafield tag="767" ind1="0" ind2=" "><marc:subfield code="a">Fossum, Karin</marc:subfield><marc:subfield code="t">The murder of Harriet Krohn</marc:subfield><marc:subfield code="w">991514527414702201</marc:subfield></marc:datafield><marc:datafield tag="767" ind1="0" ind2=" "><marc:subfield code="a">Fossum, Karin</marc:subfield><marc:subfield code="t">The murder of Harriet Krohn</marc:subfield><marc:subfield code="w">999920116593502201</marc:subfield><marc:subfield code="z">978-1-78541-184-7</marc:subfield></marc:datafield><marc:datafield tag="767" ind1="0" ind2=" "><marc:subfield code="a">Fossum, Karin</marc:subfield><marc:subfield code="t">The murder of Harriet Krohn</marc:subfield><marc:subfield code="w">999920421563402201</marc:subfield></marc:datafield><marc:datafield tag="776" ind1="0" ind2=" "><marc:subfield code="t">Drapet på Harriet Krohn : kriminalroman</marc:subfield><marc:subfield code="w">991330750524702201</marc:subfield></marc:datafield><marc:datafield tag="852" ind1="8" ind2=" "><marc:subfield code="b">0030100</marc:subfield><marc:subfield code="c">g00005</marc:subfield><marc:subfield code="h">NA/A 2004:5144</marc:subfield></marc:datafield><marc:datafield tag="852" ind1="8" ind2=" "><marc:subfield code="b">0183334</marc:subfield><marc:subfield code="c">g00001</marc:subfield><marc:subfield code="h">b</marc:subfield></marc:datafield><marc:datafield tag="856" ind1="4" ind2="0"><marc:subfield code="3"></marc:subfield><marc:subfield code="y">NB Digital</marc:subfield><marc:subfield code="u">http://urn.nb.no/URN:NBN:no-nb_digibok_2011051608104</marc:subfield><marc:subfield code="z"></marc:subfield></marc:datafield><marc:datafield tag="856" ind1="4" ind2="1"><marc:subfield code="3">Fulltekst</marc:subfield><marc:subfield code="u">https://urn.nb.no/URN:NBN:no-nb_digibok_2011051608104</marc:subfield><marc:subfield code="y">Nettbiblioteket</marc:subfield><marc:subfield code="z">Digital representasjon</marc:subfield></marc:datafield><marc:datafield tag="856" ind1="4" ind2="2"><marc:subfield code="3">Forlagets beskrivelse (kort)</marc:subfield><marc:subfield code="u">https://contents.bibs.aws.unit.no/?isbn=8202240654</marc:subfield></marc:datafield><marc:datafield tag="856" ind1="4" ind2="2"><marc:subfield code="3">Forlagets beskrivelse (kort)</marc:subfield><marc:subfield code="u">https://contents.bibs.aws.unit.no/?isbn=9788202240653</marc:subfield></marc:datafield><marc:datafield tag="856" ind1="4" ind2="2"><marc:subfield code="3">Forlagets beskrivelse (lang)</marc:subfield><marc:subfield code="u">https://contents.bibs.aws.unit.no/?isbn=8202240654</marc:subfield></marc:datafield><marc:datafield tag="856" ind1="4" ind2="2"><marc:subfield code="3">Forlagets beskrivelse (lang)</marc:subfield><marc:subfield code="u">https://contents.bibs.aws.unit.no/content/?isbn=9788202240653</marc:subfield></marc:datafield><marc:datafield tag="856" ind1="4" ind2="2"><marc:subfield code="3">Miniatyrbilde</marc:subfield><marc:subfield code="u">https://contents.bibs.aws.unit.no/files/images/small/3/5/9788202240653.jpg</marc:subfield><marc:subfield code="q">image/jpeg</marc:subfield></marc:datafield><marc:datafield tag="856" ind1="4" ind2="2"><marc:subfield code="3">Omslagsbilde</marc:subfield><marc:subfield code="u">https://contents.bibs.aws.unit.no/files/images/large/3/5/9788202240653.jpg</marc:subfield><marc:subfield code="q">image/jpeg</marc:subfield></marc:datafield><marc:datafield tag="856" ind1="4" ind2="2"><marc:subfield code="3">Originalt bilde</marc:subfield><marc:subfield code="u">https://contents.bibs.aws.unit.no/files/images/original/3/5/9788202240653.jpg</marc:subfield><marc:subfield code="q">image/jpeg</marc:subfield></marc:datafield><marc:datafield tag="859" ind1=" " ind2=" "><marc:subfield code="a">0030100</marc:subfield><marc:subfield code="b">g00005</marc:subfield><marc:subfield code="c">NA/A 2004:5144</marc:subfield><marc:subfield code="f">0</marc:subfield><marc:subfield code="h">0</marc:subfield><marc:subfield code="x">2015-10-31</marc:subfield></marc:datafield><marc:datafield tag="859" ind1=" " ind2=" "><marc:subfield code="a">0183334</marc:subfield><marc:subfield code="b">g00001</marc:subfield><marc:subfield code="c">b</marc:subfield><marc:subfield code="f">0</marc:subfield><marc:subfield code="h">0</marc:subfield><marc:subfield code="x">2015-10-31</marc:subfield></marc:datafield><marc:datafield tag="876" ind1=" " ind2=" "><marc:subfield code="a">04ga14395</marc:subfield><marc:subfield code="d">20040927</marc:subfield><marc:subfield code="j">kat</marc:subfield><marc:subfield code="p">04ga14395</marc:subfield><marc:subfield code="r">04ga14395</marc:subfield><marc:subfield code="w">BOOK</marc:subfield><marc:subfield code="z">(ib.) (Til bruk på NB Oslos lesesal)</marc:subfield></marc:datafield><marc:datafield tag="876" ind1=" " ind2=" "><marc:subfield code="a">04sa14375</marc:subfield><marc:subfield code="d">20040924</marc:subfield><marc:subfield code="j">kat</marc:subfield><marc:subfield code="p">04sa14375</marc:subfield><marc:subfield code="r">04sa14375</marc:subfield><marc:subfield code="w">BOOK</marc:subfield></marc:datafield><marc:datafield tag="901" ind1=" " ind2=" "><marc:subfield code="a">90</marc:subfield></marc:datafield><marc:datafield tag="913" ind1=" " ind2=" "><marc:subfield code="a">Kulturfond</marc:subfield><marc:subfield code="b">NB</marc:subfield></marc:datafield><marc:datafield tag="913" ind1=" " ind2=" "><marc:subfield code="a">Norbok</marc:subfield><marc:subfield code="b">NB</marc:subfield></marc:datafield><marc:datafield tag="913" ind1=" " ind2=" "><marc:subfield code="a">NORLA</marc:subfield><marc:subfield code="b">NB</marc:subfield></marc:datafield></marc:record>