
<marc:record><marc:leader>01716cgm a2200373 c 4500</marc:leader>
<marc:controlfield tag="001">990418811844702202</marc:controlfield>
<marc:controlfield tag="005">20230105134806.0</marc:controlfield><marc:controlfield tag="007">vd |v||||</marc:controlfield><marc:controlfield tag="008">140811s2004    xx#|||||||||||####v|nob|d</marc:controlfield><marc:datafield tag="035" ind1=" " ind2=" "><marc:subfield code="a">(EXLNZ-47BIBSYS_NETWORK)990418811844702201</marc:subfield></marc:datafield><marc:datafield tag="035" ind1=" " ind2=" "><marc:subfield code="a">(NO-TrBIB)041881184</marc:subfield></marc:datafield><marc:datafield tag="035" ind1=" " ind2=" "><marc:subfield code="a">041881184-47bibsys_network</marc:subfield></marc:datafield><marc:datafield tag="040" ind1=" " ind2=" "><marc:subfield code="a">NO-TrBIB</marc:subfield><marc:subfield code="b">nob</marc:subfield><marc:subfield code="e">katreg</marc:subfield></marc:datafield><marc:datafield tag="245" ind1="0" ind2="0"><marc:subfield code="a">Den som frykter ulven</marc:subfield><marc:subfield code="c">en Erich Hörtnagl film ; etter en bok av Karin Fossum</marc:subfield><marc:subfield code="h">[videoopptak]</marc:subfield></marc:datafield><marc:datafield tag="260" ind1=" " ind2=" "><marc:subfield code="a">Nesbru</marc:subfield><marc:subfield code="b">Scanbox</marc:subfield><marc:subfield code="c">2004</marc:subfield></marc:datafield><marc:datafield tag="300" ind1=" " ind2=" "><marc:subfield code="a">1 plate (DVD-video) (97 min)</marc:subfield><marc:subfield code="b">lyd, kol.</marc:subfield></marc:datafield><marc:datafield tag="500" ind1=" " ind2=" "><marc:subfield code="a">Ekstramateriale: TV-spots, slettede scener, teaser trailer</marc:subfield></marc:datafield><marc:datafield tag="500" ind1=" " ind2=" "><marc:subfield code="a">Manus: Stefan Ahnhem. Musikk: Trond Bjerknæs</marc:subfield></marc:datafield><marc:datafield tag="500" ind1=" " ind2=" "><marc:subfield code="a">Norsk tale, valgbare undertekster på flere språk</marc:subfield></marc:datafield><marc:datafield tag="500" ind1=" " ind2=" "><marc:subfield code="a">Produksjon: Norge : Paradox/Angel, 2004</marc:subfield></marc:datafield><marc:datafield tag="500" ind1=" " ind2=" "><marc:subfield code="a">Rolleliste: Kristoffer Joner, Lars Bom, Laila Goody, Aksel Hennie, Stig Henrik Hoff</marc:subfield></marc:datafield><marc:datafield tag="500" ind1=" " ind2=" "><marc:subfield code="a">Statens filmtilsyn : 49369</marc:subfield></marc:datafield><marc:datafield tag="500" ind1=" " ind2=" "><marc:subfield code="a">Thriller. Aldersgrense: 15 år</marc:subfield></marc:datafield><marc:datafield tag="653" ind1=" " ind2=" "><marc:subfield code="a">norske</marc:subfield><marc:subfield code="a">spillefilmer</marc:subfield><marc:subfield code="a">2000-tallet</marc:subfield><marc:subfield code="a">kriminal</marc:subfield><marc:subfield code="a">spenning</marc:subfield><marc:subfield code="a">gisler</marc:subfield><marc:subfield code="a">mord</marc:subfield><marc:subfield code="a">etterforsking</marc:subfield><marc:subfield code="a">thriller</marc:subfield><marc:subfield code="a">krim</marc:subfield><marc:subfield code="a">crime</marc:subfield><marc:subfield code="a">norge</marc:subfield><marc:subfield code="a">norway</marc:subfield></marc:datafield><marc:datafield tag="700" ind1="1" ind2=" "><marc:subfield code="a">Ahnhem, Stefan</marc:subfield><marc:subfield code="d">1966-</marc:subfield><marc:subfield code="0">(NO-TrBIB)4096538</marc:subfield><marc:subfield code="4">aus</marc:subfield></marc:datafield><marc:datafield tag="700" ind1="1" ind2=" "><marc:subfield code="a">Bjerknæs, Trond</marc:subfield><marc:subfield code="d">1958-</marc:subfield><marc:subfield code="0">(NO-TrBIB)90856668</marc:subfield></marc:datafield><marc:datafield tag="700" ind1="1" ind2=" "><marc:subfield code="a">Bom, Lars</marc:subfield><marc:subfield code="d">1961-</marc:subfield><marc:subfield code="0">(NO-TrBIB)3114472</marc:subfield><marc:subfield code="4">act</marc:subfield></marc:datafield><marc:datafield tag="700" ind1="1" ind2=" "><marc:subfield code="a">Goody, Laila</marc:subfield><marc:subfield code="d">1971-</marc:subfield><marc:subfield code="0">(NO-TrBIB)98062984</marc:subfield><marc:subfield code="4">act</marc:subfield></marc:datafield><marc:datafield tag="700" ind1="1" ind2=" "><marc:subfield code="a">Hennie, Aksel</marc:subfield><marc:subfield code="d">1975-</marc:subfield><marc:subfield code="0">(NO-TrBIB)99018367</marc:subfield><marc:subfield code="4">act</marc:subfield></marc:datafield><marc:datafield tag="700" ind1="1" ind2=" "><marc:subfield code="a">Hoff, Stig Henrik</marc:subfield><marc:subfield code="d">1965-</marc:subfield><marc:subfield code="0">(NO-TrBIB)98065717</marc:subfield><marc:subfield code="4">act</marc:subfield></marc:datafield><marc:datafield tag="700" ind1="1" ind2=" "><marc:subfield code="a">Hörtnagl, Erich</marc:subfield><marc:subfield code="0">(NO-TrBIB)4040590</marc:subfield><marc:subfield code="4">drt</marc:subfield></marc:datafield><marc:datafield tag="700" ind1="1" ind2=" "><marc:subfield code="a">Joner, Kristoffer</marc:subfield><marc:subfield code="d">1972-</marc:subfield><marc:subfield code="0">(NO-TrBIB)1017922</marc:subfield><marc:subfield code="4">act</marc:subfield></marc:datafield><marc:datafield tag="700" ind1="1" ind2="2"><marc:subfield code="a">Fossum, Karin</marc:subfield><marc:subfield code="d">1954-</marc:subfield><marc:subfield code="t">Den som frykter ulven</marc:subfield><marc:subfield code="0">(NO-TrBIB)90608300</marc:subfield></marc:datafield><marc:datafield tag="901" ind1=" " ind2=" "><marc:subfield code="a">80</marc:subfield></marc:datafield></marc:record>