
<marc:record><marc:leader>02290cim a2200517 c 4500</marc:leader>
<marc:controlfield tag="001">990703960274702202</marc:controlfield>
<marc:controlfield tag="005">20230228095642.0</marc:controlfield><marc:controlfield tag="007">sd f||||||||||</marc:controlfield><marc:controlfield tag="008">110826s2007    no#|||| |||||||f#|||nob| </marc:controlfield><marc:datafield tag="014" ind1="1" ind2=" "><marc:subfield code="a">070396027</marc:subfield><marc:subfield code="b">(NO-TrBIB)</marc:subfield></marc:datafield><marc:datafield tag="014" ind1="1" ind2=" "><marc:subfield code="a">070396027</marc:subfield><marc:subfield code="b">(NO-TrBIB)</marc:subfield></marc:datafield><marc:datafield tag="015" ind1=" " ind2=" "><marc:subfield code="a">0707661</marc:subfield><marc:subfield code="2">nbf</marc:subfield></marc:datafield><marc:datafield tag="020" ind1=" " ind2=" "><marc:subfield code="a">9788202271329</marc:subfield><marc:subfield code="c">Nkr 349.00</marc:subfield></marc:datafield><marc:datafield tag="035" ind1=" " ind2=" "><marc:subfield code="a">(EXLNZ-47BIBSYS_NETWORK)990703960274702201</marc:subfield></marc:datafield><marc:datafield tag="035" ind1=" " ind2=" "><marc:subfield code="a">(NO-TrBIB)070396027</marc:subfield></marc:datafield><marc:datafield tag="035" ind1=" " ind2=" "><marc:subfield code="a">070396027-47bibsys_network</marc:subfield></marc:datafield><marc:datafield tag="035" ind1=" " ind2=" "><marc:subfield code="a">07ga43972-47bibsys_nb</marc:subfield></marc:datafield><marc:datafield tag="035" ind1=" " ind2=" "><marc:subfield code="a">07sa04649-47bibsys_nb</marc:subfield></marc:datafield><marc:datafield tag="040" ind1=" " ind2=" "><marc:subfield code="a">NO-OsNB</marc:subfield><marc:subfield code="b">nob</marc:subfield><marc:subfield code="e">katreg</marc:subfield></marc:datafield><marc:datafield tag="042" ind1=" " ind2=" "><marc:subfield code="a">norbibl</marc:subfield></marc:datafield><marc:datafield tag="044" ind1=" " ind2=" "><marc:subfield code="c">no</marc:subfield></marc:datafield><marc:datafield tag="082" ind1="7" ind2="4"><marc:subfield code="a">839.823</marc:subfield><marc:subfield code="q">NO-OsNB</marc:subfield><marc:subfield code="2">5/nor</marc:subfield></marc:datafield><marc:datafield tag="100" ind1="1" ind2=" "><marc:subfield code="a">Fossum, Karin</marc:subfield><marc:subfield code="d">1954-</marc:subfield><marc:subfield code="0">(NO-TrBIB)90608300</marc:subfield></marc:datafield><marc:datafield tag="245" ind1="1" ind2="0"><marc:subfield code="a">Svarte sekunder</marc:subfield><marc:subfield code="c">Karin Fossum</marc:subfield><marc:subfield code="h">[lydopptak]</marc:subfield></marc:datafield><marc:datafield tag="260" ind1=" " ind2=" "><marc:subfield code="a">[Oslo]</marc:subfield><marc:subfield code="b">Cappelen</marc:subfield><marc:subfield code="c">2007</marc:subfield></marc:datafield><marc:datafield tag="300" ind1=" " ind2=" "><marc:subfield code="a">7 plater (CD) (8 t)</marc:subfield><marc:subfield code="b">digital</marc:subfield><marc:subfield code="c">12 cm, i eske</marc:subfield></marc:datafield><marc:datafield tag="490" ind1="1" ind2=" "><marc:subfield code="a">Lydbok fra Cappelen</marc:subfield></marc:datafield><marc:datafield tag="500" ind1=" " ind2=" "><marc:subfield code="a">1. lydbokutg. 2002</marc:subfield></marc:datafield><marc:datafield tag="500" ind1=" " ind2=" "><marc:subfield code="a">Lest av Trini Lund</marc:subfield></marc:datafield><marc:datafield tag="700" ind1="1" ind2=" "><marc:subfield code="a">Lund, Trini</marc:subfield><marc:subfield code="d">1951-</marc:subfield><marc:subfield code="e">medarb.</marc:subfield><marc:subfield code="0">(NO-TrBIB)98025238</marc:subfield></marc:datafield><marc:datafield tag="830" ind1=" " ind2="0"><marc:subfield code="a">Lydbok fra Cappelen</marc:subfield></marc:datafield><marc:datafield tag="852" ind1="8" ind2=" "><marc:subfield code="b">0030100</marc:subfield><marc:subfield code="c">g00005</marc:subfield><marc:subfield code="h">qSmåtr. 1547</marc:subfield></marc:datafield><marc:datafield tag="852" ind1="8" ind2=" "><marc:subfield code="b">0183334</marc:subfield><marc:subfield code="c">g00001</marc:subfield><marc:subfield code="h">d KZ 2007 0356-0362</marc:subfield></marc:datafield><marc:datafield tag="856" ind1="4" ind2="2"><marc:subfield code="3">Forlagets beskrivelse (kort)</marc:subfield><marc:subfield code="u">https://contents.bibs.aws.unit.no/?isbn=8202271320</marc:subfield></marc:datafield><marc:datafield tag="856" ind1="4" ind2="2"><marc:subfield code="3">Forlagets beskrivelse (kort)</marc:subfield><marc:subfield code="u">https://contents.bibs.aws.unit.no/?isbn=9788202271329</marc:subfield></marc:datafield><marc:datafield tag="856" ind1="4" ind2="2"><marc:subfield code="3">Forlagets beskrivelse (lang)</marc:subfield><marc:subfield code="u">https://contents.bibs.aws.unit.no/?isbn=9788202271329</marc:subfield></marc:datafield><marc:datafield tag="856" ind1="4" ind2="2"><marc:subfield code="3">Lydfil</marc:subfield><marc:subfield code="u">https://contents.bibs.aws.unit.no/files/audio/mp3/9/2/9788202271329.mp3</marc:subfield><marc:subfield code="q">audio/mpeg</marc:subfield></marc:datafield><marc:datafield tag="856" ind1="4" ind2="2"><marc:subfield code="3">Miniatyrbilde</marc:subfield><marc:subfield code="u">https://contents.bibs.aws.unit.no/files/images/small/9/2/9788202271329.jpg</marc:subfield><marc:subfield code="q">image/jpeg</marc:subfield></marc:datafield><marc:datafield tag="856" ind1="4" ind2="2"><marc:subfield code="3">Omslagsbilde</marc:subfield><marc:subfield code="u">https://contents.bibs.aws.unit.no/files/images/large/9/2/9788202271329.jpg</marc:subfield><marc:subfield code="q">image/jpeg</marc:subfield></marc:datafield><marc:datafield tag="856" ind1="4" ind2="2"><marc:subfield code="3">Originalt bilde</marc:subfield><marc:subfield code="u">https://contents.bibs.aws.unit.no/files/images/original/9/2/9788202271329.jpg</marc:subfield><marc:subfield code="q">image/jpeg</marc:subfield></marc:datafield><marc:datafield tag="859" ind1=" " ind2=" "><marc:subfield code="a">0030100</marc:subfield><marc:subfield code="b">g00005</marc:subfield><marc:subfield code="c">qSmåtr. 1547</marc:subfield><marc:subfield code="f">0</marc:subfield><marc:subfield code="h">0</marc:subfield><marc:subfield code="x">2015-10-31</marc:subfield></marc:datafield><marc:datafield tag="859" ind1=" " ind2=" "><marc:subfield code="a">0183334</marc:subfield><marc:subfield code="b">g00001</marc:subfield><marc:subfield code="c">d KZ 2007 0356-0362</marc:subfield><marc:subfield code="f">0</marc:subfield><marc:subfield code="h">0</marc:subfield><marc:subfield code="x">2015-10-31</marc:subfield></marc:datafield><marc:datafield tag="876" ind1=" " ind2=" "><marc:subfield code="a">07ga43972</marc:subfield><marc:subfield code="d">20070529</marc:subfield><marc:subfield code="j">kat</marc:subfield><marc:subfield code="p">07ga43972</marc:subfield><marc:subfield code="r">07ga43972</marc:subfield><marc:subfield code="w">CD</marc:subfield><marc:subfield code="z">(CD-plate)(Til bruk på NB Oslos lesesal)</marc:subfield></marc:datafield><marc:datafield tag="876" ind1=" " ind2=" "><marc:subfield code="a">07sa04649</marc:subfield><marc:subfield code="d">20070321</marc:subfield><marc:subfield code="j">kat</marc:subfield><marc:subfield code="p">07sa04649</marc:subfield><marc:subfield code="r">07sa04649</marc:subfield><marc:subfield code="w">CD</marc:subfield></marc:datafield><marc:datafield tag="901" ind1=" " ind2=" "><marc:subfield code="a">90</marc:subfield></marc:datafield><marc:datafield tag="913" ind1=" " ind2=" "><marc:subfield code="a">Norbok</marc:subfield><marc:subfield code="b">NB</marc:subfield></marc:datafield></marc:record>