
<marc:record><marc:leader>02441cjm a2200529 c 4500</marc:leader>
<marc:controlfield tag="001">991320996754702202</marc:controlfield>
<marc:controlfield tag="005">20160330143024.0</marc:controlfield><marc:controlfield tag="007">sd f||||||||||</marc:controlfield><marc:controlfield tag="008">130724s2012    no |||| ||||||||||||nno| </marc:controlfield><marc:datafield tag="014" ind1="1" ind2=" "><marc:subfield code="a">132099675</marc:subfield><marc:subfield code="b">(NO-TrBIB)</marc:subfield></marc:datafield><marc:datafield tag="014" ind1="1" ind2=" "><marc:subfield code="a">132099675</marc:subfield><marc:subfield code="b">(NO-TrBIB)</marc:subfield></marc:datafield><marc:datafield tag="028" ind1="0" ind2="3"><marc:subfield code="a">GRCD 4394</marc:subfield><marc:subfield code="b">Grappa</marc:subfield></marc:datafield><marc:datafield tag="035" ind1=" " ind2=" "><marc:subfield code="a">(EXLNZ-47BIBSYS_NETWORK)991320996754702201</marc:subfield></marc:datafield><marc:datafield tag="035" ind1=" " ind2=" "><marc:subfield code="a">(NO-TrBIB)132099675</marc:subfield></marc:datafield><marc:datafield tag="035" ind1=" " ind2=" "><marc:subfield code="a">132099675-47bibsys_network</marc:subfield></marc:datafield><marc:datafield tag="035" ind1=" " ind2=" "><marc:subfield code="a">13g057219-47bibsys_nb</marc:subfield></marc:datafield><marc:datafield tag="035" ind1=" " ind2=" "><marc:subfield code="a">13g057225-47bibsys_nb</marc:subfield></marc:datafield><marc:datafield tag="040" ind1=" " ind2=" "><marc:subfield code="a">NO-OsNB</marc:subfield><marc:subfield code="b">nob</marc:subfield><marc:subfield code="e">katreg</marc:subfield></marc:datafield><marc:datafield tag="100" ind1="1" ind2=" "><marc:subfield code="a">Asbjørnsen, Hilde Louise</marc:subfield><marc:subfield code="d">1976-</marc:subfield><marc:subfield code="4">cmp</marc:subfield><marc:subfield code="4">lyr</marc:subfield><marc:subfield code="4">sng</marc:subfield><marc:subfield code="0">(NO-TrBIB)6045627</marc:subfield></marc:datafield><marc:datafield tag="245" ind1="1" ind2="0"><marc:subfield code="a">Månesjuk</marc:subfield><marc:subfield code="c">[tekst og musikk]: Hilde Louise Asbjørnsen</marc:subfield><marc:subfield code="h">[lydopptak]</marc:subfield></marc:datafield><marc:datafield tag="260" ind1=" " ind2=" "><marc:subfield code="a">[Oslo]</marc:subfield><marc:subfield code="b">Grappa</marc:subfield><marc:subfield code="c">[2012]</marc:subfield></marc:datafield><marc:datafield tag="300" ind1=" " ind2=" "><marc:subfield code="a">1 CD (39 min)</marc:subfield><marc:subfield code="c">12 cm</marc:subfield></marc:datafield><marc:datafield tag="500" ind1=" " ind2=" "><marc:subfield code="a">Digipak</marc:subfield></marc:datafield><marc:datafield tag="500" ind1=" " ind2=" "><marc:subfield code="a">Grappa: GRCD4394</marc:subfield></marc:datafield><marc:datafield tag="500" ind1=" " ind2=" "><marc:subfield code="a">Innspilt: Oslo : Krutrøyk studio</marc:subfield></marc:datafield><marc:datafield tag="511" ind1="0" ind2=" "><marc:subfield code="a">Hilde Louise Asbjørnsen, sang ; Anders Aarum, klaver, elpiano, harmonium, elorgel, trekkspill, klokkespill, synthesizer ; Svein Erik Martinsen Ånestad, gitar ; Jens Fossum, kontrabass ; Klaus Robert Blomvik, slagverk, perkusjon ; Bjarke Falgren, strykere ; Atle Nymo, klarinett ; Hans Martin Austestad, banjo ; Julie Dahle Aagård, Karin Okkenhaug Seim, sang</marc:subfield></marc:datafield><marc:datafield tag="511" ind1="0" ind2=" "><marc:subfield code="a">Produsent: Anders Aarum</marc:subfield></marc:datafield><marc:datafield tag="700" ind1="1" ind2=" "><marc:subfield code="a">Aagård, Julie Dahle</marc:subfield><marc:subfield code="d">1978-</marc:subfield><marc:subfield code="4">mus</marc:subfield><marc:subfield code="0">(NO-TrBIB)2099630</marc:subfield></marc:datafield><marc:datafield tag="700" ind1="1" ind2=" "><marc:subfield code="a">Aarum, Anders</marc:subfield><marc:subfield code="d">1974-</marc:subfield><marc:subfield code="4">mus</marc:subfield><marc:subfield code="4">pro</marc:subfield><marc:subfield code="0">(NO-TrBIB)2006416</marc:subfield></marc:datafield><marc:datafield tag="700" ind1="1" ind2=" "><marc:subfield code="a">Asbjørnsen, Hilde Louise</marc:subfield><marc:subfield code="d">1976-</marc:subfield><marc:subfield code="4">sng</marc:subfield><marc:subfield code="0">(NO-TrBIB)6045627</marc:subfield></marc:datafield><marc:datafield tag="700" ind1="1" ind2=" "><marc:subfield code="a">Austestad, Hans Martin</marc:subfield><marc:subfield code="d">1983-</marc:subfield><marc:subfield code="4">mus</marc:subfield><marc:subfield code="0">(NO-TrBIB)9076271</marc:subfield></marc:datafield><marc:datafield tag="700" ind1="1" ind2=" "><marc:subfield code="a">Blomvik, Klaus Robert</marc:subfield><marc:subfield code="d">1975-</marc:subfield><marc:subfield code="4">mus</marc:subfield><marc:subfield code="0">(NO-TrBIB)6045623</marc:subfield></marc:datafield><marc:datafield tag="700" ind1="1" ind2=" "><marc:subfield code="a">Falgren, Bjarke</marc:subfield><marc:subfield code="4">mus</marc:subfield><marc:subfield code="0">(NO-TrBIB)15035933</marc:subfield></marc:datafield><marc:datafield tag="700" ind1="1" ind2=" "><marc:subfield code="a">Fossum, Jens</marc:subfield><marc:subfield code="d">1972-</marc:subfield><marc:subfield code="4">mus</marc:subfield><marc:subfield code="0">(NO-TrBIB)2108516</marc:subfield></marc:datafield><marc:datafield tag="700" ind1="1" ind2=" "><marc:subfield code="a">Martinsen, Svein Erik</marc:subfield><marc:subfield code="d">1977-</marc:subfield><marc:subfield code="4">mus</marc:subfield><marc:subfield code="0">(NO-TrBIB)12006532</marc:subfield></marc:datafield><marc:datafield tag="700" ind1="1" ind2=" "><marc:subfield code="a">Nymo, Atle</marc:subfield><marc:subfield code="d">1977-</marc:subfield><marc:subfield code="4">mus</marc:subfield><marc:subfield code="0">(NO-TrBIB)2100117</marc:subfield></marc:datafield><marc:datafield tag="700" ind1="1" ind2=" "><marc:subfield code="a">Seim, Karin Okkenhaug</marc:subfield><marc:subfield code="d">1977-</marc:subfield><marc:subfield code="4">mus</marc:subfield><marc:subfield code="0">(NO-TrBIB)8017510</marc:subfield></marc:datafield><marc:datafield tag="852" ind1="8" ind2=" "><marc:subfield code="b">0030100</marc:subfield><marc:subfield code="c">g00022</marc:subfield><marc:subfield code="h">Lyd f/17329</marc:subfield></marc:datafield><marc:datafield tag="852" ind1="8" ind2=" "><marc:subfield code="b">0183334</marc:subfield><marc:subfield code="c">g00001</marc:subfield><marc:subfield code="h">MPCD 9792</marc:subfield></marc:datafield><marc:datafield tag="859" ind1=" " ind2=" "><marc:subfield code="a">0030100</marc:subfield><marc:subfield code="b">g00022</marc:subfield><marc:subfield code="c">Lyd f/17329</marc:subfield><marc:subfield code="f">0</marc:subfield><marc:subfield code="h">0</marc:subfield><marc:subfield code="x">2015-10-31</marc:subfield></marc:datafield><marc:datafield tag="859" ind1=" " ind2=" "><marc:subfield code="a">0183334</marc:subfield><marc:subfield code="b">g00001</marc:subfield><marc:subfield code="c">MPCD 9792</marc:subfield><marc:subfield code="f">0</marc:subfield><marc:subfield code="h">0</marc:subfield><marc:subfield code="x">2015-10-31</marc:subfield></marc:datafield><marc:datafield tag="876" ind1=" " ind2=" "><marc:subfield code="a">13g057219</marc:subfield><marc:subfield code="d">20130604</marc:subfield><marc:subfield code="j">mini</marc:subfield><marc:subfield code="p">13g057219</marc:subfield><marc:subfield code="r">13g057219</marc:subfield><marc:subfield code="w">CD</marc:subfield><marc:subfield code="z">(Under arbeid)</marc:subfield></marc:datafield><marc:datafield tag="876" ind1=" " ind2=" "><marc:subfield code="a">13g057225</marc:subfield><marc:subfield code="d">20130604</marc:subfield><marc:subfield code="j">mini</marc:subfield><marc:subfield code="p">13g057225</marc:subfield><marc:subfield code="r">13g057225</marc:subfield><marc:subfield code="w">CD</marc:subfield><marc:subfield code="z">(Til bruk i Mediateket)</marc:subfield></marc:datafield><marc:datafield tag="901" ind1=" " ind2=" "><marc:subfield code="a">60</marc:subfield></marc:datafield><marc:datafield tag="913" ind1=" " ind2=" "><marc:subfield code="a">Musikk</marc:subfield><marc:subfield code="b">NB</marc:subfield></marc:datafield><marc:datafield tag="913" ind1=" " ind2=" "><marc:subfield code="a">Nordisko</marc:subfield><marc:subfield code="b">NB</marc:subfield></marc:datafield><marc:datafield tag="991" ind1=" " ind2=" "><marc:subfield code="a">tracks</marc:subfield></marc:datafield></marc:record>