
<marc:record><marc:leader>02698cjm a2200553 c 4500</marc:leader>
<marc:controlfield tag="001">991322820894702202</marc:controlfield>
<marc:controlfield tag="005">20230727084604.0</marc:controlfield><marc:controlfield tag="007">sd b||||||||||</marc:controlfield><marc:controlfield tag="008">150915s2012    no#|||| ||||||||||||nno|^</marc:controlfield><marc:datafield tag="014" ind1="1" ind2=" "><marc:subfield code="a">132282089</marc:subfield><marc:subfield code="b">(NO-TrBIB)</marc:subfield></marc:datafield><marc:datafield tag="014" ind1="1" ind2=" "><marc:subfield code="a">132282089</marc:subfield><marc:subfield code="b">(NO-TrBIB)</marc:subfield></marc:datafield><marc:datafield tag="015" ind1=" " ind2=" "><marc:subfield code="a">1526992</marc:subfield><marc:subfield code="2">nbf</marc:subfield></marc:datafield><marc:datafield tag="028" ind1="0" ind2="3"><marc:subfield code="a">GRLP 4415</marc:subfield></marc:datafield><marc:datafield tag="035" ind1=" " ind2=" "><marc:subfield code="a">(EXLNZ-47BIBSYS_NETWORK)991322820894702201</marc:subfield></marc:datafield><marc:datafield tag="035" ind1=" " ind2=" "><marc:subfield code="a">(NO-TrBIB)132282089</marc:subfield></marc:datafield><marc:datafield tag="035" ind1=" " ind2=" "><marc:subfield code="a">132282089-47bibsys_network</marc:subfield></marc:datafield><marc:datafield tag="035" ind1=" " ind2=" "><marc:subfield code="a">13g069284-47bibsys_nb</marc:subfield></marc:datafield><marc:datafield tag="035" ind1=" " ind2=" "><marc:subfield code="a">13g069285-47bibsys_nb</marc:subfield></marc:datafield><marc:datafield tag="040" ind1=" " ind2=" "><marc:subfield code="a">NO-OsNB</marc:subfield><marc:subfield code="b">nob</marc:subfield><marc:subfield code="e">katreg</marc:subfield></marc:datafield><marc:datafield tag="042" ind1=" " ind2=" "><marc:subfield code="a">norbibl</marc:subfield></marc:datafield><marc:datafield tag="044" ind1=" " ind2=" "><marc:subfield code="c">no</marc:subfield></marc:datafield><marc:datafield tag="100" ind1="1" ind2=" "><marc:subfield code="a">Asbjørnsen, Hilde Louise</marc:subfield><marc:subfield code="d">1976-</marc:subfield><marc:subfield code="4">cmp</marc:subfield><marc:subfield code="4">lyr</marc:subfield><marc:subfield code="0">(NO-TrBIB)6045627</marc:subfield></marc:datafield><marc:datafield tag="245" ind1="1" ind2="0"><marc:subfield code="a">Månesjuk</marc:subfield><marc:subfield code="c">[tekst og musikk]: Hilde Louise Asbjørnsen</marc:subfield><marc:subfield code="h">[lydopptak]</marc:subfield></marc:datafield><marc:datafield tag="260" ind1=" " ind2=" "><marc:subfield code="a">[Oslo]</marc:subfield><marc:subfield code="b">Grappa</marc:subfield><marc:subfield code="c">[2012]</marc:subfield></marc:datafield><marc:datafield tag="300" ind1=" " ind2=" "><marc:subfield code="a">1 LP</marc:subfield><marc:subfield code="b">33 1/3 r/min</marc:subfield><marc:subfield code="c">30 cm</marc:subfield></marc:datafield><marc:datafield tag="500" ind1=" " ind2=" "><marc:subfield code="a">Grappa: GRLP 4415</marc:subfield></marc:datafield><marc:datafield tag="500" ind1=" " ind2=" "><marc:subfield code="a">Innspilt: Oslo : Krutrøyk studio</marc:subfield></marc:datafield><marc:datafield tag="500" ind1=" " ind2=" "><marc:subfield code="a">Produsent: Anders Aarum</marc:subfield></marc:datafield><marc:datafield tag="500" ind1=" " ind2=" "><marc:subfield code="a">Trykt inneromslag</marc:subfield></marc:datafield><marc:datafield tag="511" ind1="0" ind2=" "><marc:subfield code="a">Karin Okkenhaug Seim (sang) ; Hilde Louise Asbjørnsen (sang) ; Anders Aarum (klaver, elpiano, harmonium, elorgel, trekkspill, klokkespill, synthesizer) ; Svein Erik Martinsen Ånestad (gitar) ; Jens Fossum (kontrabass) ; Klaus Robert Blomvik (slagverk, perkusjon) ; Bjarke Falgren (strykere) ; Atle Nymo (klarinett) ; Hans Martin Austestad (banjo) ; Julie Dahle Aagård (sang)</marc:subfield></marc:datafield><marc:datafield tag="700" ind1="1" ind2=" "><marc:subfield code="a">Aagård, Julie Dahle</marc:subfield><marc:subfield code="d">1978-</marc:subfield><marc:subfield code="e">utøver</marc:subfield><marc:subfield code="e">sang</marc:subfield><marc:subfield code="0">(NO-TrBIB)2099630</marc:subfield></marc:datafield><marc:datafield tag="700" ind1="1" ind2=" "><marc:subfield code="a">Aarum, Anders</marc:subfield><marc:subfield code="d">1974-</marc:subfield><marc:subfield code="e">utøver</marc:subfield><marc:subfield code="e">klaver</marc:subfield><marc:subfield code="e">elpiano</marc:subfield><marc:subfield code="e">harmonium</marc:subfield><marc:subfield code="e">elorgel</marc:subfield><marc:subfield code="e">trekkspill</marc:subfield><marc:subfield code="e">klokkespill</marc:subfield><marc:subfield code="e">synthesizer</marc:subfield><marc:subfield code="4">pro</marc:subfield><marc:subfield code="0">(NO-TrBIB)2006416</marc:subfield></marc:datafield><marc:datafield tag="700" ind1="1" ind2=" "><marc:subfield code="a">Asbjørnsen, Hilde Louise</marc:subfield><marc:subfield code="d">1976-</marc:subfield><marc:subfield code="e">utøver</marc:subfield><marc:subfield code="e">sang</marc:subfield><marc:subfield code="0">(NO-TrBIB)6045627</marc:subfield></marc:datafield><marc:datafield tag="700" ind1="1" ind2=" "><marc:subfield code="a">Austestad, Hans Martin</marc:subfield><marc:subfield code="d">1983-</marc:subfield><marc:subfield code="e">utøver</marc:subfield><marc:subfield code="e">banjo</marc:subfield><marc:subfield code="0">(NO-TrBIB)9076271</marc:subfield></marc:datafield><marc:datafield tag="700" ind1="1" ind2=" "><marc:subfield code="a">Blomvik, Klaus Robert</marc:subfield><marc:subfield code="d">1975-</marc:subfield><marc:subfield code="e">utøver</marc:subfield><marc:subfield code="e">slagverk</marc:subfield><marc:subfield code="e">perkusjon</marc:subfield><marc:subfield code="0">(NO-TrBIB)6045623</marc:subfield></marc:datafield><marc:datafield tag="700" ind1="1" ind2=" "><marc:subfield code="a">Falgren, Bjarke</marc:subfield><marc:subfield code="e">utøver</marc:subfield><marc:subfield code="e">strykere</marc:subfield><marc:subfield code="0">(NO-TrBIB)15035933</marc:subfield></marc:datafield><marc:datafield tag="700" ind1="1" ind2=" "><marc:subfield code="a">Fossum, Jens</marc:subfield><marc:subfield code="d">1972-</marc:subfield><marc:subfield code="e">utøver</marc:subfield><marc:subfield code="e">kontrabass</marc:subfield><marc:subfield code="0">(NO-TrBIB)2108516</marc:subfield></marc:datafield><marc:datafield tag="700" ind1="1" ind2=" "><marc:subfield code="a">Martinsen, Svein Erik</marc:subfield><marc:subfield code="d">1977-</marc:subfield><marc:subfield code="e">utøver</marc:subfield><marc:subfield code="e">gitar</marc:subfield><marc:subfield code="0">(NO-TrBIB)12006532</marc:subfield></marc:datafield><marc:datafield tag="700" ind1="1" ind2=" "><marc:subfield code="a">Nymo, Atle</marc:subfield><marc:subfield code="d">1977-</marc:subfield><marc:subfield code="e">utøver</marc:subfield><marc:subfield code="e">klarinett</marc:subfield><marc:subfield code="0">(NO-TrBIB)2100117</marc:subfield></marc:datafield><marc:datafield tag="700" ind1="1" ind2=" "><marc:subfield code="a">Seim, Karin Okkenhaug</marc:subfield><marc:subfield code="d">1977-</marc:subfield><marc:subfield code="e">utøver</marc:subfield><marc:subfield code="e">sang</marc:subfield><marc:subfield code="0">(NO-TrBIB)8017510</marc:subfield></marc:datafield><marc:datafield tag="852" ind1="8" ind2=" "><marc:subfield code="b">0030100</marc:subfield><marc:subfield code="c">g00022</marc:subfield><marc:subfield code="h">Lyd c/8138</marc:subfield></marc:datafield><marc:datafield tag="852" ind1="8" ind2=" "><marc:subfield code="b">0183334</marc:subfield><marc:subfield code="c">g00001</marc:subfield><marc:subfield code="h">MPLP 1753</marc:subfield></marc:datafield><marc:datafield tag="859" ind1=" " ind2=" "><marc:subfield code="a">0030100</marc:subfield><marc:subfield code="b">g00022</marc:subfield><marc:subfield code="c">Lyd c/8138</marc:subfield><marc:subfield code="f">0</marc:subfield><marc:subfield code="h">0</marc:subfield><marc:subfield code="x">2015-10-31</marc:subfield></marc:datafield><marc:datafield tag="859" ind1=" " ind2=" "><marc:subfield code="a">0183334</marc:subfield><marc:subfield code="b">g00001</marc:subfield><marc:subfield code="c">MPLP 1753</marc:subfield><marc:subfield code="f">0</marc:subfield><marc:subfield code="h">0</marc:subfield><marc:subfield code="x">2015-10-31</marc:subfield></marc:datafield><marc:datafield tag="876" ind1=" " ind2=" "><marc:subfield code="a">13g069284</marc:subfield><marc:subfield code="d">20130702</marc:subfield><marc:subfield code="j">kat</marc:subfield><marc:subfield code="p">13g069284</marc:subfield><marc:subfield code="r">13g069284</marc:subfield><marc:subfield code="w">RECORD</marc:subfield></marc:datafield><marc:datafield tag="876" ind1=" " ind2=" "><marc:subfield code="a">13g069285</marc:subfield><marc:subfield code="d">20130702</marc:subfield><marc:subfield code="j">kat</marc:subfield><marc:subfield code="p">13g069285</marc:subfield><marc:subfield code="r">13g069285</marc:subfield><marc:subfield code="w">RECORD</marc:subfield><marc:subfield code="z">(Til bruk i Mediateket)</marc:subfield></marc:datafield><marc:datafield tag="901" ind1=" " ind2=" "><marc:subfield code="a">90</marc:subfield></marc:datafield><marc:datafield tag="913" ind1=" " ind2=" "><marc:subfield code="a">Nordisko</marc:subfield><marc:subfield code="b">NB</marc:subfield></marc:datafield><marc:datafield tag="991" ind1=" " ind2=" "><marc:subfield code="a">tracks</marc:subfield></marc:datafield></marc:record>