
<marc:record><marc:leader>01429cam a2200409 c 4500</marc:leader>
<marc:controlfield tag="001">991329977114702202</marc:controlfield>
<marc:controlfield tag="005">20230531221731.0</marc:controlfield><marc:controlfield tag="007">ta</marc:controlfield><marc:controlfield tag="008">140620s2013    xx#|||||||||||000|f|ger| </marc:controlfield><marc:datafield tag="014" ind1="1" ind2=" "><marc:subfield code="a">132997711</marc:subfield><marc:subfield code="b">(NO-TrBIB)</marc:subfield></marc:datafield><marc:datafield tag="015" ind1=" " ind2=" "><marc:subfield code="a">1330610</marc:subfield><marc:subfield code="2">nbf</marc:subfield></marc:datafield><marc:datafield tag="020" ind1=" " ind2=" "><marc:subfield code="a">9783833309083</marc:subfield><marc:subfield code="q">h.</marc:subfield></marc:datafield><marc:datafield tag="035" ind1=" " ind2=" "><marc:subfield code="a">(EXLNZ-47BIBSYS_NETWORK)991329977114702201</marc:subfield></marc:datafield><marc:datafield tag="035" ind1=" " ind2=" "><marc:subfield code="a">(NO-TrBIB)132997711</marc:subfield></marc:datafield><marc:datafield tag="035" ind1=" " ind2=" "><marc:subfield code="a">132997711-47bibsys_network</marc:subfield></marc:datafield><marc:datafield tag="035" ind1=" " ind2=" "><marc:subfield code="a">13g111747-47bibsys_nb</marc:subfield></marc:datafield><marc:datafield tag="040" ind1=" " ind2=" "><marc:subfield code="a">NO-OsNB</marc:subfield><marc:subfield code="b">nob</marc:subfield><marc:subfield code="e">katreg</marc:subfield></marc:datafield><marc:datafield tag="041" ind1="1" ind2=" "><marc:subfield code="h">nob</marc:subfield></marc:datafield><marc:datafield tag="042" ind1=" " ind2=" "><marc:subfield code="a">norbibl</marc:subfield></marc:datafield><marc:datafield tag="044" ind1=" " ind2=" "><marc:subfield code="c">de</marc:subfield></marc:datafield><marc:datafield tag="082" ind1="7" ind2="4"><marc:subfield code="a">839.823</marc:subfield><marc:subfield code="q">NO-OsNB</marc:subfield><marc:subfield code="2">5/nor</marc:subfield></marc:datafield><marc:datafield tag="100" ind1="1" ind2=" "><marc:subfield code="a">Fossum, Karin</marc:subfield><marc:subfield code="d">1954-</marc:subfield><marc:subfield code="0">(NO-TrBIB)90608300</marc:subfield></marc:datafield><marc:datafield tag="245" ind1="1" ind2="5"><marc:subfield code="a">Eine undankbare Frau</marc:subfield><marc:subfield code="c">Karin Fossum ; aus dem Norwegischen von Gabriele Haefs</marc:subfield></marc:datafield><marc:datafield tag="246" ind1="1" ind2=" "><marc:subfield code="a">Varsleren</marc:subfield><marc:subfield code="i">Originaltittel</marc:subfield></marc:datafield><marc:datafield tag="260" ind1=" " ind2=" "><marc:subfield code="a">Berlin</marc:subfield><marc:subfield code="b">Berlin Verlag Taschenbuch</marc:subfield><marc:subfield code="c">2013</marc:subfield></marc:datafield><marc:datafield tag="300" ind1=" " ind2=" "><marc:subfield code="a">303 s.</marc:subfield></marc:datafield><marc:datafield tag="500" ind1=" " ind2=" "><marc:subfield code="a">Nummer på ryggen : 0908</marc:subfield></marc:datafield><marc:datafield tag="655" ind1=" " ind2="7"><marc:subfield code="a">Romaner</marc:subfield><marc:subfield code="0">(uri)https://id.nb.no/vocabulary/ntsf/258</marc:subfield><marc:subfield code="2">ntsf</marc:subfield></marc:datafield><marc:datafield tag="700" ind1="1" ind2=" "><marc:subfield code="a">Haefs, Gabriele</marc:subfield><marc:subfield code="d">1953-</marc:subfield><marc:subfield code="4">trl</marc:subfield><marc:subfield code="0">(NO-TrBIB)90353340</marc:subfield></marc:datafield><marc:datafield tag="765" ind1="0" ind2=" "><marc:subfield code="a">Fossum, Karin</marc:subfield><marc:subfield code="t">Varsleren</marc:subfield><marc:subfield code="w">990925566714702201</marc:subfield></marc:datafield><marc:datafield tag="852" ind1="8" ind2=" "><marc:subfield code="b">0030100</marc:subfield><marc:subfield code="c">g00005</marc:subfield><marc:subfield code="h">NA/A 2013:11212</marc:subfield></marc:datafield><marc:datafield tag="859" ind1=" " ind2=" "><marc:subfield code="a">0030100</marc:subfield><marc:subfield code="b">g00005</marc:subfield><marc:subfield code="c">NA/A 2013:11212</marc:subfield><marc:subfield code="f">0</marc:subfield><marc:subfield code="h">0</marc:subfield><marc:subfield code="x">2015-10-31</marc:subfield></marc:datafield><marc:datafield tag="876" ind1=" " ind2=" "><marc:subfield code="a">13g111747</marc:subfield><marc:subfield code="d">20131009</marc:subfield><marc:subfield code="j">kat</marc:subfield><marc:subfield code="p">13g111747</marc:subfield><marc:subfield code="r">13g111747</marc:subfield><marc:subfield code="w">BOOK</marc:subfield><marc:subfield code="x">KiP. 1 ex fra Cappelen Damm</marc:subfield><marc:subfield code="z">(h.) (Til bruk på NB Oslos lesesal)</marc:subfield></marc:datafield><marc:datafield tag="901" ind1=" " ind2=" "><marc:subfield code="a">90</marc:subfield></marc:datafield><marc:datafield tag="913" ind1=" " ind2=" "><marc:subfield code="a">Norbok</marc:subfield><marc:subfield code="b">NB</marc:subfield></marc:datafield><marc:datafield tag="960" ind1=" " ind2=" "><marc:subfield code="a">n</marc:subfield><marc:subfield code="9">LOCAL</marc:subfield></marc:datafield><marc:datafield tag="997" ind1=" " ind2=" "><marc:subfield code="a">n</marc:subfield><marc:subfield code="9">LOCAL</marc:subfield></marc:datafield></marc:record>