
<marc:record><marc:leader>00838cim a22002417c 4500</marc:leader>
<marc:controlfield tag="001">999727783904702202</marc:controlfield>
<marc:controlfield tag="005">20111211114654.0</marc:controlfield><marc:controlfield tag="007">ss |||||||||||</marc:controlfield><marc:controlfield tag="008">111211s1997    xx#|||| ||||||||||||nob|d</marc:controlfield><marc:datafield tag="014" ind1="1" ind2=" "><marc:subfield code="a">97277839x</marc:subfield><marc:subfield code="b">(NO-TrBIB)</marc:subfield></marc:datafield><marc:datafield tag="035" ind1=" " ind2=" "><marc:subfield code="a">(EXLNZ-47BIBSYS_NETWORK)999727783904702201</marc:subfield></marc:datafield><marc:datafield tag="035" ind1=" " ind2=" "><marc:subfield code="a">(NO-TrBIB)97277839x</marc:subfield></marc:datafield><marc:datafield tag="035" ind1=" " ind2=" "><marc:subfield code="a">97277839x-47bibsys_network</marc:subfield></marc:datafield><marc:datafield tag="035" ind1=" " ind2=" "><marc:subfield code="a">97sa19011-47bibsys_nb</marc:subfield></marc:datafield><marc:datafield tag="040" ind1=" " ind2=" "><marc:subfield code="a">NO-TrBIB</marc:subfield><marc:subfield code="b">nob</marc:subfield><marc:subfield code="e">katreg</marc:subfield></marc:datafield><marc:datafield tag="100" ind1="1" ind2=" "><marc:subfield code="a">Fossum, Karin</marc:subfield><marc:subfield code="d">1954-</marc:subfield><marc:subfield code="0">(NO-TrBIB)90608300</marc:subfield></marc:datafield><marc:datafield tag="245" ind1="1" ind2="0"><marc:subfield code="a">Den som frykter ulven</marc:subfield><marc:subfield code="h">[lydopptak]</marc:subfield></marc:datafield><marc:datafield tag="260" ind1=" " ind2=" "><marc:subfield code="a">Billingstad</marc:subfield><marc:subfield code="b">Fono</marc:subfield><marc:subfield code="c">1997</marc:subfield></marc:datafield><marc:datafield tag="300" ind1=" " ind2=" "><marc:subfield code="a">6 kassetter</marc:subfield></marc:datafield><marc:datafield tag="852" ind1="8" ind2=" "><marc:subfield code="b">0183334</marc:subfield><marc:subfield code="c">g00001</marc:subfield></marc:datafield><marc:datafield tag="859" ind1=" " ind2=" "><marc:subfield code="a">0183334</marc:subfield><marc:subfield code="b">g00001</marc:subfield><marc:subfield code="f">0</marc:subfield><marc:subfield code="h">3</marc:subfield><marc:subfield code="x">2015-10-31</marc:subfield></marc:datafield><marc:datafield tag="876" ind1=" " ind2=" "><marc:subfield code="a">97sa19011</marc:subfield><marc:subfield code="j">oppgitt</marc:subfield><marc:subfield code="m">MAGN</marc:subfield><marc:subfield code="p">97sa19011</marc:subfield><marc:subfield code="r">97sa19011</marc:subfield><marc:subfield code="w">AUDIOCASSETT</marc:subfield><marc:subfield code="x">Oppg. e. 4. henv. utgiver. 17.06.98 T.M.J.</marc:subfield><marc:subfield code="z">(Sikringseksemplar.)</marc:subfield></marc:datafield><marc:datafield tag="901" ind1=" " ind2=" "><marc:subfield code="a">60</marc:subfield></marc:datafield></marc:record>