
<marc:record><marc:leader>01423cgm a2200325 c 4500</marc:leader>
<marc:controlfield tag="001">999919985297502202</marc:controlfield>
<marc:controlfield tag="005">20230105133932.0</marc:controlfield><marc:controlfield tag="007">vd |v||||</marc:controlfield><marc:controlfield tag="008">110826s2009    xx#|||||||||||####v|nob|d</marc:controlfield><marc:datafield tag="035" ind1=" " ind2=" "><marc:subfield code="a">(EXLNZ-47BIBSYS_NETWORK)990932840984702201</marc:subfield></marc:datafield><marc:datafield tag="035" ind1=" " ind2=" "><marc:subfield code="a">(NO-TrBIB)093284098</marc:subfield></marc:datafield><marc:datafield tag="035" ind1=" " ind2=" "><marc:subfield code="a">093284098-47bibsys_network</marc:subfield></marc:datafield><marc:datafield tag="040" ind1=" " ind2=" "><marc:subfield code="a">NO-TrBIB</marc:subfield><marc:subfield code="b">nob</marc:subfield><marc:subfield code="e">katreg</marc:subfield></marc:datafield><marc:datafield tag="245" ind1="0" ind2="0"><marc:subfield code="a">Evas øye</marc:subfield><marc:subfield code="c">manus og regi: Berit Nesheim</marc:subfield><marc:subfield code="h">[videoopptak]</marc:subfield></marc:datafield><marc:datafield tag="260" ind1=" " ind2=" "><marc:subfield code="a">Oslo</marc:subfield><marc:subfield code="b">Nordisk film</marc:subfield><marc:subfield code="c">2009</marc:subfield></marc:datafield><marc:datafield tag="300" ind1=" " ind2=" "><marc:subfield code="a">1 videoplate (DVD-video) (97 min)</marc:subfield><marc:subfield code="b">lyd, kol.</marc:subfield></marc:datafield><marc:datafield tag="500" ind1=" " ind2=" "><marc:subfield code="a">Basert på Karin Fossums roman med samme navn</marc:subfield></marc:datafield><marc:datafield tag="500" ind1=" " ind2=" "><marc:subfield code="a">Medietilsynet : P7661</marc:subfield></marc:datafield><marc:datafield tag="500" ind1=" " ind2=" "><marc:subfield code="a">Norsk tale, engelske eller norske undertekster valgbare</marc:subfield></marc:datafield><marc:datafield tag="500" ind1=" " ind2=" "><marc:subfield code="a">Produksjon: Norge : Northern Lights, 1999.</marc:subfield></marc:datafield><marc:datafield tag="500" ind1=" " ind2=" "><marc:subfield code="a">Rolleliste: Andrine Sæther, Bjørn Sundquist, Gisken Armand, Sverre Anker Ousdal.</marc:subfield></marc:datafield><marc:datafield tag="653" ind1=" " ind2=" "><marc:subfield code="a">norske</marc:subfield><marc:subfield code="a">spillefilmer</marc:subfield><marc:subfield code="a">kriminalfilmer</marc:subfield><marc:subfield code="a">krim</marc:subfield><marc:subfield code="a">crime</marc:subfield><marc:subfield code="a">drama</marc:subfield><marc:subfield code="a">thriller</marc:subfield><marc:subfield code="a">norge</marc:subfield><marc:subfield code="a">norway</marc:subfield></marc:datafield><marc:datafield tag="700" ind1="1" ind2=" "><marc:subfield code="a">Armand, Gisken</marc:subfield><marc:subfield code="d">1962-</marc:subfield><marc:subfield code="0">(NO-TrBIB)98012201</marc:subfield><marc:subfield code="4">act</marc:subfield></marc:datafield><marc:datafield tag="700" ind1="1" ind2=" "><marc:subfield code="a">Nesheim, Berit</marc:subfield><marc:subfield code="d">1945-</marc:subfield><marc:subfield code="0">(NO-TrBIB)90566146</marc:subfield><marc:subfield code="4">aus</marc:subfield><marc:subfield code="4">drt</marc:subfield></marc:datafield><marc:datafield tag="700" ind1="1" ind2=" "><marc:subfield code="a">Ousdal, Sverre Anker</marc:subfield><marc:subfield code="d">1944-</marc:subfield><marc:subfield code="0">(NO-TrBIB)90939479</marc:subfield><marc:subfield code="4">act</marc:subfield></marc:datafield><marc:datafield tag="700" ind1="1" ind2=" "><marc:subfield code="a">Sæther, Andrine</marc:subfield><marc:subfield code="d">1964-</marc:subfield><marc:subfield code="0">(NO-TrBIB)68643</marc:subfield><marc:subfield code="4">act</marc:subfield></marc:datafield><marc:datafield tag="700" ind1="1" ind2=" "><marc:subfield code="a">Sundquist, Bjørn</marc:subfield><marc:subfield code="d">1948-</marc:subfield><marc:subfield code="0">(NO-TrBIB)90235465</marc:subfield><marc:subfield code="4">act</marc:subfield></marc:datafield><marc:datafield tag="700" ind1="1" ind2="2"><marc:subfield code="a">Fossum, Karin</marc:subfield><marc:subfield code="d">1954-</marc:subfield><marc:subfield code="t">Evas Øye</marc:subfield><marc:subfield code="0">(NO-TrBIB)90608300</marc:subfield><marc:subfield code="4">ant</marc:subfield></marc:datafield><marc:datafield tag="856" ind1="4" ind2="2"><marc:subfield code="3">Sammendrag</marc:subfield><marc:subfield code="u">http://www.imdb.com/title/tt0188605/</marc:subfield></marc:datafield><marc:datafield tag="901" ind1=" " ind2=" "><marc:subfield code="a">80</marc:subfield></marc:datafield></marc:record>