
<marc:record><marc:leader>01352nam a2200349 c 4500</marc:leader>
<marc:controlfield tag="001">999920015482302202</marc:controlfield>
<marc:controlfield tag="005">20230601131932.0</marc:controlfield><marc:controlfield tag="007">ta</marc:controlfield><marc:controlfield tag="008">191023s2019    gw     e |||||00| f ger| </marc:controlfield><marc:datafield tag="020" ind1=" " ind2=" "><marc:subfield code="a">978-3-492-21854-2</marc:subfield><marc:subfield code="q">heftet</marc:subfield></marc:datafield><marc:datafield tag="035" ind1=" " ind2=" "><marc:subfield code="a">(EXLNZ-47BIBSYS_NETWORK)999920919022402201</marc:subfield></marc:datafield><marc:datafield tag="040" ind1=" " ind2=" "><marc:subfield code="a">NO-OsNB</marc:subfield><marc:subfield code="b">nob</marc:subfield><marc:subfield code="e">rda</marc:subfield></marc:datafield><marc:datafield tag="041" ind1="1" ind2=" "><marc:subfield code="a">ger</marc:subfield><marc:subfield code="h">nob</marc:subfield></marc:datafield><marc:datafield tag="082" ind1="0" ind2="4"><marc:subfield code="a">839.8238</marc:subfield><marc:subfield code="2">23/nor</marc:subfield><marc:subfield code="q">NO-OsNB</marc:subfield></marc:datafield><marc:datafield tag="100" ind1="1" ind2=" "><marc:subfield code="a">Fossum, Karin</marc:subfield><marc:subfield code="d">1954-</marc:subfield><marc:subfield code="0">(NO-TrBIB)90608300</marc:subfield><marc:subfield code="4">aut</marc:subfield></marc:datafield><marc:datafield tag="245" ind1="1" ind2="4"><marc:subfield code="a">Die Stille bringt den Tod :</marc:subfield><marc:subfield code="b">Kriminalroman</marc:subfield><marc:subfield code="c">Karin Fossum ; aus dem Norwegischen von Gabriele Haefs</marc:subfield></marc:datafield><marc:datafield tag="246" ind1="1" ind2=" "><marc:subfield code="i">Originaltittel:</marc:subfield><marc:subfield code="a">Hviskeren</marc:subfield></marc:datafield><marc:datafield tag="250" ind1=" " ind2=" "><marc:subfield code="a">Deutsche Erstausgabe</marc:subfield></marc:datafield><marc:datafield tag="264" ind1=" " ind2="1"><marc:subfield code="a">München</marc:subfield><marc:subfield code="b">Piper</marc:subfield><marc:subfield code="c">Oktober 2019</marc:subfield></marc:datafield><marc:datafield tag="300" ind1=" " ind2=" "><marc:subfield code="a">379 sider</marc:subfield><marc:subfield code="c">19 cm</marc:subfield></marc:datafield><marc:datafield tag="336" ind1=" " ind2=" "><marc:subfield code="a">tekst</marc:subfield><marc:subfield code="0">http://rdaregistry.info/termList/RDAContentType/1020</marc:subfield><marc:subfield code="2">rdaco</marc:subfield></marc:datafield><marc:datafield tag="337" ind1=" " ind2=" "><marc:subfield code="a">uformidlet</marc:subfield><marc:subfield code="0">http://rdaregistry.info/termList/RDAMediaType/1007</marc:subfield><marc:subfield code="2">rdamt</marc:subfield></marc:datafield><marc:datafield tag="338" ind1=" " ind2=" "><marc:subfield code="a">bind</marc:subfield><marc:subfield code="0">http://rdaregistry.info/termList/RDACarrierType/1049</marc:subfield><marc:subfield code="2">rdact</marc:subfield></marc:datafield><marc:datafield tag="500" ind1=" " ind2=" "><marc:subfield code="a">Opplagshistorikk: 2. Auflage November 2019</marc:subfield></marc:datafield><marc:datafield tag="536" ind1=" " ind2=" "><marc:subfield code="a">NORLA</marc:subfield></marc:datafield><marc:datafield tag="655" ind1=" " ind2="7"><marc:subfield code="a">Romaner</marc:subfield><marc:subfield code="0">(uri)https://id.nb.no/vocabulary/ntsf/258</marc:subfield><marc:subfield code="2">ntsf</marc:subfield></marc:datafield><marc:datafield tag="700" ind1="1" ind2=" "><marc:subfield code="a">Haefs, Gabriele</marc:subfield><marc:subfield code="d">1953-</marc:subfield><marc:subfield code="0">(NO-TrBIB)90353340</marc:subfield><marc:subfield code="4">trl</marc:subfield></marc:datafield><marc:datafield tag="765" ind1="0" ind2=" "><marc:subfield code="t">Hviskeren</marc:subfield><marc:subfield code="w">999920144095102201</marc:subfield><marc:subfield code="z">978-82-02-52631-3</marc:subfield></marc:datafield><marc:datafield tag="852" ind1="8" ind2=" "><marc:subfield code="b">0030100</marc:subfield><marc:subfield code="c">g00005</marc:subfield><marc:subfield code="h">NA/A 2019:8820</marc:subfield></marc:datafield><marc:datafield tag="913" ind1=" " ind2=" "><marc:subfield code="a">Norbok</marc:subfield><marc:subfield code="b">NB</marc:subfield></marc:datafield><marc:datafield tag="913" ind1=" " ind2=" "><marc:subfield code="a">NORLA</marc:subfield><marc:subfield code="b">NB</marc:subfield></marc:datafield><marc:datafield tag="960" ind1=" " ind2=" "><marc:subfield code="a">n</marc:subfield><marc:subfield code="9">local</marc:subfield></marc:datafield></marc:record>