
<marc:record><marc:leader>00836caa a2200241#c 4500</marc:leader>
<marc:controlfield tag="001">999920249067702202</marc:controlfield>
<marc:controlfield tag="005">20230604133055.0</marc:controlfield><marc:controlfield tag="007">ta</marc:controlfield><marc:controlfield tag="008">930119s1992    no ||||e|o   |000|0|nob|#</marc:controlfield><marc:datafield tag="035" ind1=" " ind2=" "><marc:subfield code="a">(EXLNZ-47BIBSYS_NETWORK)999921737082402201</marc:subfield></marc:datafield><marc:datafield tag="035" ind1=" " ind2=" "><marc:subfield code="a">(NORART)9300149791</marc:subfield></marc:datafield><marc:datafield tag="040" ind1=" " ind2=" "><marc:subfield code="a">NO-OsNB</marc:subfield><marc:subfield code="b">nob</marc:subfield><marc:subfield code="e">katreg</marc:subfield></marc:datafield><marc:datafield tag="082" ind1="7" ind2="4"><marc:subfield code="a">839.823</marc:subfield><marc:subfield code="2">4/nor</marc:subfield><marc:subfield code="q">NO-OsNB</marc:subfield></marc:datafield><marc:datafield tag="100" ind1="1" ind2=" "><marc:subfield code="a">Bergsvendsen, Rune</marc:subfield></marc:datafield><marc:datafield tag="245" ind1="1" ind2="0"><marc:subfield code="a">Karin Fossum : </marc:subfield><marc:subfield code="b">&quot;I et annet lys&quot;</marc:subfield></marc:datafield><marc:datafield tag="300" ind1=" " ind2=" "><marc:subfield code="a">S. 25</marc:subfield></marc:datafield><marc:datafield tag="500" ind1=" " ind2=" "><marc:subfield code="a">Anmeldelse av: I et annet lys / Karin Fossum</marc:subfield></marc:datafield><marc:datafield tag="600" ind1="1" ind2="4"><marc:subfield code="a">Fossum, Karin</marc:subfield></marc:datafield><marc:datafield tag="655" ind1=" " ind2="7"><marc:subfield code="a">Anmeldelser</marc:subfield><marc:subfield code="0">(uri)https://id.nb.no/vocabulary/ntsf/14</marc:subfield><marc:subfield code="2">ntsf</marc:subfield></marc:datafield><marc:datafield tag="655" ind1=" " ind2="7"><marc:subfield code="a">Tidsskriftartikler</marc:subfield><marc:subfield code="0">(uri)https://id.nb.no/vocabulary/ntsf/308</marc:subfield><marc:subfield code="2">ntsf</marc:subfield></marc:datafield><marc:datafield tag="773" ind1="0" ind2=" "><marc:subfield code="t">Kritikkjournalen (Oslo : 1983-1992)</marc:subfield><marc:subfield code="g">Årg. 10 (1992)</marc:subfield><marc:subfield code="x">0801-0471</marc:subfield><marc:subfield code="w">998441762144702201</marc:subfield></marc:datafield><marc:datafield tag="913" ind1=" " ind2=" "><marc:subfield code="a">Norart</marc:subfield><marc:subfield code="b">NB</marc:subfield></marc:datafield><marc:datafield tag="999" ind1=" " ind2=" "><marc:subfield code="a">CP</marc:subfield><marc:subfield code="9">local</marc:subfield></marc:datafield></marc:record>