
<marc:record><marc:leader>01602caa a2200421#c 4500</marc:leader>
<marc:controlfield tag="001">999920284796802202</marc:controlfield>
<marc:controlfield tag="005">20230607145136.0</marc:controlfield><marc:controlfield tag="007">ta</marc:controlfield><marc:controlfield tag="008">150427s2015    no c|||e|    |000|0|nob|#</marc:controlfield><marc:datafield tag="035" ind1=" " ind2=" "><marc:subfield code="a">(EXLNZ-47BIBSYS_NETWORK)999921772456002201</marc:subfield></marc:datafield><marc:datafield tag="035" ind1=" " ind2=" "><marc:subfield code="a">(NORART)1500578527</marc:subfield></marc:datafield><marc:datafield tag="040" ind1=" " ind2=" "><marc:subfield code="a">NO-OsNB</marc:subfield><marc:subfield code="b">nob</marc:subfield><marc:subfield code="e">katreg</marc:subfield></marc:datafield><marc:datafield tag="082" ind1="7" ind2="4"><marc:subfield code="a">839.73</marc:subfield><marc:subfield code="2">5/nor</marc:subfield><marc:subfield code="q">NO-OsNB</marc:subfield></marc:datafield><marc:datafield tag="083" ind1="7" ind2=" "><marc:subfield code="a">839.823</marc:subfield><marc:subfield code="2">5/nor</marc:subfield><marc:subfield code="q">NO-OsNB</marc:subfield></marc:datafield><marc:datafield tag="100" ind1="1" ind2=" "><marc:subfield code="a">Dolva, Thea Marie</marc:subfield><marc:subfield code="4">ivr</marc:subfield></marc:datafield><marc:datafield tag="245" ind1="1" ind2="0"><marc:subfield code="a">Spennende utvikling</marc:subfield></marc:datafield><marc:datafield tag="300" ind1=" " ind2=" "><marc:subfield code="a">S. 21-27</marc:subfield><marc:subfield code="b">port.</marc:subfield></marc:datafield><marc:datafield tag="500" ind1=" " ind2=" "><marc:subfield code="a">Intervju med Knut Faldbakken, Daniel Sjölin, Jerker Virdborg, Frode Sander Øien, Karin Fossum, Carl Johan Vallgren</marc:subfield></marc:datafield><marc:datafield tag="600" ind1="1" ind2="4"><marc:subfield code="a">Fossum, Karin</marc:subfield></marc:datafield><marc:datafield tag="600" ind1="1" ind2="4"><marc:subfield code="a">Øien, Frode Sander</marc:subfield></marc:datafield><marc:datafield tag="600" ind1="1" ind2="4"><marc:subfield code="a">Sjölin, Daniel</marc:subfield></marc:datafield><marc:datafield tag="600" ind1="1" ind2="4"><marc:subfield code="a">Vallgren, Carl Johan</marc:subfield></marc:datafield><marc:datafield tag="600" ind1="1" ind2="4"><marc:subfield code="a">Virdborg, Jerker</marc:subfield></marc:datafield><marc:datafield tag="600" ind1="1" ind2="7"><marc:subfield code="a">Faldbakken, Knut</marc:subfield><marc:subfield code="d">1941-</marc:subfield><marc:subfield code="0">(NO-TrBIB)90068361</marc:subfield><marc:subfield code="2">bare</marc:subfield></marc:datafield><marc:datafield tag="650" ind1=" " ind2="7"><marc:subfield code="a">kriminallitteratur</marc:subfield><marc:subfield code="2">norart</marc:subfield><marc:subfield code="0">(NO-TrBIB)NORART1015266</marc:subfield></marc:datafield><marc:datafield tag="650" ind1=" " ind2="7"><marc:subfield code="a">norsk prosa</marc:subfield><marc:subfield code="2">norart</marc:subfield><marc:subfield code="0">(NO-TrBIB)NORART1020364</marc:subfield></marc:datafield><marc:datafield tag="650" ind1=" " ind2="7"><marc:subfield code="a">svensk prosa</marc:subfield><marc:subfield code="2">norart</marc:subfield><marc:subfield code="0">(NO-TrBIB)NORART1028672</marc:subfield></marc:datafield><marc:datafield tag="655" ind1=" " ind2="7"><marc:subfield code="a">Intervjuer</marc:subfield><marc:subfield code="0">(uri)https://id.nb.no/vocabulary/ntsf/135</marc:subfield><marc:subfield code="2">ntsf</marc:subfield></marc:datafield><marc:datafield tag="655" ind1=" " ind2="7"><marc:subfield code="a">Tidsskriftartikler</marc:subfield><marc:subfield code="0">(uri)https://id.nb.no/vocabulary/ntsf/308</marc:subfield><marc:subfield code="2">ntsf</marc:subfield></marc:datafield><marc:datafield tag="700" ind1="1" ind2=" "><marc:subfield code="a">Faldbakken, Knut</marc:subfield><marc:subfield code="d">1941-</marc:subfield><marc:subfield code="4">ive</marc:subfield><marc:subfield code="0">(NO-TrBIB)90068361</marc:subfield></marc:datafield><marc:datafield tag="700" ind1="1" ind2=" "><marc:subfield code="a">Fossum, Karin</marc:subfield><marc:subfield code="4">ive</marc:subfield></marc:datafield><marc:datafield tag="700" ind1="1" ind2=" "><marc:subfield code="a">Øien, Frode Sander</marc:subfield><marc:subfield code="4">ive</marc:subfield></marc:datafield><marc:datafield tag="700" ind1="1" ind2=" "><marc:subfield code="a">Sjölin, Daniel</marc:subfield><marc:subfield code="4">ive</marc:subfield></marc:datafield><marc:datafield tag="700" ind1="1" ind2=" "><marc:subfield code="a">Vallgren, Carl Johan</marc:subfield><marc:subfield code="4">ive</marc:subfield></marc:datafield><marc:datafield tag="700" ind1="1" ind2=" "><marc:subfield code="a">Virdborg, Jerker</marc:subfield><marc:subfield code="4">ive</marc:subfield></marc:datafield><marc:datafield tag="773" ind1="0" ind2=" "><marc:subfield code="t">Bokvennen (Bokvennen forlag)</marc:subfield><marc:subfield code="g">[Årg. 27], nr. 1 (2015)</marc:subfield><marc:subfield code="x">0802-1953</marc:subfield><marc:subfield code="w">998920010624702201</marc:subfield></marc:datafield><marc:datafield tag="913" ind1=" " ind2=" "><marc:subfield code="a">Norart</marc:subfield><marc:subfield code="b">NB</marc:subfield></marc:datafield><marc:datafield tag="999" ind1=" " ind2=" "><marc:subfield code="a">CP</marc:subfield><marc:subfield code="9">local</marc:subfield></marc:datafield></marc:record>