
<marc:record><marc:leader>00745caa a2200217#c 4500</marc:leader>
<marc:controlfield tag="001">999920286274702202</marc:controlfield>
<marc:controlfield tag="005">20230607161516.0</marc:controlfield><marc:controlfield tag="007">ta</marc:controlfield><marc:controlfield tag="008">160322s2015    no a|||e|    |000|1|nob|#</marc:controlfield><marc:datafield tag="035" ind1=" " ind2=" "><marc:subfield code="a">(EXLNZ-47BIBSYS_NETWORK)999921774564102201</marc:subfield></marc:datafield><marc:datafield tag="035" ind1=" " ind2=" "><marc:subfield code="a">(NORART)1600593435</marc:subfield></marc:datafield><marc:datafield tag="040" ind1=" " ind2=" "><marc:subfield code="a">NO-OsNB</marc:subfield><marc:subfield code="b">nob</marc:subfield><marc:subfield code="e">katreg</marc:subfield></marc:datafield><marc:datafield tag="082" ind1="0" ind2="4"><marc:subfield code="a">839.821</marc:subfield><marc:subfield code="2">23/nor</marc:subfield><marc:subfield code="q">NO-OsNB</marc:subfield></marc:datafield><marc:datafield tag="100" ind1="1" ind2=" "><marc:subfield code="a">Fossum, Karin</marc:subfield><marc:subfield code="4">aut</marc:subfield></marc:datafield><marc:datafield tag="245" ind1="1" ind2="0"><marc:subfield code="a">Ljåen er skarp</marc:subfield></marc:datafield><marc:datafield tag="300" ind1=" " ind2=" "><marc:subfield code="a">S. 78</marc:subfield><marc:subfield code="b">ill.</marc:subfield></marc:datafield><marc:datafield tag="500" ind1=" " ind2=" "><marc:subfield code="a">Diktet er hentet fra boka: Vi som er døde : dikt / Karin Fossum</marc:subfield></marc:datafield><marc:datafield tag="655" ind1=" " ind2="7"><marc:subfield code="a">Tidsskriftartikler</marc:subfield><marc:subfield code="0">(uri)https://id.nb.no/vocabulary/ntsf/308</marc:subfield><marc:subfield code="2">ntsf</marc:subfield></marc:datafield><marc:datafield tag="773" ind1="0" ind2=" "><marc:subfield code="t">Tidsskriftet sykepleien (1995 : trykt utg.)</marc:subfield><marc:subfield code="g">Nr. 12 (2015)</marc:subfield><marc:subfield code="x">0806-7511</marc:subfield><marc:subfield code="w">999523551084702201</marc:subfield></marc:datafield><marc:datafield tag="913" ind1=" " ind2=" "><marc:subfield code="a">Norart</marc:subfield><marc:subfield code="b">NB</marc:subfield></marc:datafield><marc:datafield tag="999" ind1=" " ind2=" "><marc:subfield code="a">CP</marc:subfield><marc:subfield code="9">local</marc:subfield></marc:datafield></marc:record>