
<marc:record><marc:leader>01041caa a2200277#c 4500</marc:leader>
<marc:controlfield tag="001">999920288199502202</marc:controlfield>
<marc:controlfield tag="005">20230608074809.0</marc:controlfield><marc:controlfield tag="007">ta</marc:controlfield><marc:controlfield tag="008">170907s2015    no c|||e|    |000|0|nob|#</marc:controlfield><marc:datafield tag="035" ind1=" " ind2=" "><marc:subfield code="a">(EXLNZ-47BIBSYS_NETWORK)999921776728702201</marc:subfield></marc:datafield><marc:datafield tag="035" ind1=" " ind2=" "><marc:subfield code="a">(NORART)1700616936</marc:subfield></marc:datafield><marc:datafield tag="040" ind1=" " ind2=" "><marc:subfield code="a">NO-OsNB</marc:subfield><marc:subfield code="b">nob</marc:subfield><marc:subfield code="e">katreg</marc:subfield></marc:datafield><marc:datafield tag="082" ind1="0" ind2="4"><marc:subfield code="a">839.82374</marc:subfield><marc:subfield code="2">23/nor</marc:subfield><marc:subfield code="q">NO-OsNB</marc:subfield></marc:datafield><marc:datafield tag="100" ind1="1" ind2=" "><marc:subfield code="a">Larsen, Marit Hannaas</marc:subfield><marc:subfield code="4">ivr</marc:subfield></marc:datafield><marc:datafield tag="245" ind1="1" ind2="0"><marc:subfield code="a">Liker Amalies fandenivoldskhet!</marc:subfield></marc:datafield><marc:datafield tag="300" ind1=" " ind2=" "><marc:subfield code="a">S. 11-16</marc:subfield><marc:subfield code="b">port.</marc:subfield></marc:datafield><marc:datafield tag="500" ind1=" " ind2=" "><marc:subfield code="a">Intervju med vinner av Amalie Skram-prisen 2013, Karin Fossum</marc:subfield></marc:datafield><marc:datafield tag="600" ind1="1" ind2="4"><marc:subfield code="a">Fossum, Karin</marc:subfield></marc:datafield><marc:datafield tag="650" ind1=" " ind2="7"><marc:subfield code="a">forfattere</marc:subfield><marc:subfield code="2">norart</marc:subfield><marc:subfield code="0">(NO-TrBIB)NORART1007955</marc:subfield></marc:datafield><marc:datafield tag="650" ind1=" " ind2="7"><marc:subfield code="a">norsk litteratur</marc:subfield><marc:subfield code="2">norart</marc:subfield><marc:subfield code="0">(NO-TrBIB)NORART1020362</marc:subfield></marc:datafield><marc:datafield tag="655" ind1=" " ind2="7"><marc:subfield code="a">Intervjuer</marc:subfield><marc:subfield code="0">(uri)https://id.nb.no/vocabulary/ntsf/135</marc:subfield><marc:subfield code="2">ntsf</marc:subfield></marc:datafield><marc:datafield tag="655" ind1=" " ind2="7"><marc:subfield code="a">Tidsskriftartikler</marc:subfield><marc:subfield code="0">(uri)https://id.nb.no/vocabulary/ntsf/308</marc:subfield><marc:subfield code="2">ntsf</marc:subfield></marc:datafield><marc:datafield tag="700" ind1="1" ind2=" "><marc:subfield code="a">Fossum, Karin</marc:subfield><marc:subfield code="4">ive</marc:subfield></marc:datafield><marc:datafield tag="773" ind1="0" ind2=" "><marc:subfield code="t">Årbok (Amalie Skram-selskapet)</marc:subfield><marc:subfield code="g">Årg. 17 (2014/2015) (2015)</marc:subfield><marc:subfield code="x">0804-9920</marc:subfield><marc:subfield code="w">999424497114702201</marc:subfield></marc:datafield><marc:datafield tag="913" ind1=" " ind2=" "><marc:subfield code="a">Norart</marc:subfield><marc:subfield code="b">NB</marc:subfield></marc:datafield><marc:datafield tag="999" ind1=" " ind2=" "><marc:subfield code="a">CP</marc:subfield><marc:subfield code="9">local</marc:subfield></marc:datafield></marc:record>