
<marc:record><marc:leader>02137nja a22004697c 4500</marc:leader>
<marc:controlfield tag="001">999920350676602202</marc:controlfield>
<marc:controlfield tag="005">20240412093223.0</marc:controlfield><marc:controlfield tag="007">cr||||||||||||</marc:controlfield><marc:controlfield tag="007">sr||||||||||||</marc:controlfield><marc:controlfield tag="008">221216t20142014no |||||o########|#|und|#</marc:controlfield><marc:datafield tag="024" ind1="0" ind2=" "><marc:subfield code="a">NOFGG1294031</marc:subfield></marc:datafield><marc:datafield tag="035" ind1=" " ind2=" "><marc:subfield code="a">(EXLNZ-47BIBSYS_NETWORK)999921954973602201</marc:subfield></marc:datafield><marc:datafield tag="035" ind1=" " ind2=" "><marc:subfield code="a">(NO-OsNB)EAN_7033662044689_01_0009</marc:subfield></marc:datafield><marc:datafield tag="035" ind1=" " ind2=" "><marc:subfield code="a">oai:nb.no:pliktmusikk_EAN_7033662044689_01_0009</marc:subfield></marc:datafield><marc:datafield tag="040" ind1=" " ind2=" "><marc:subfield code="b">nob</marc:subfield><marc:subfield code="d">NO-OsNB</marc:subfield><marc:subfield code="e">rda</marc:subfield></marc:datafield><marc:datafield tag="100" ind1="1" ind2=" "><marc:subfield code="a">Asbjørnsen, Hilde Louise</marc:subfield><marc:subfield code="4">https://id.nb.no/vocabulary/perfrel/1</marc:subfield><marc:subfield code="4">pro</marc:subfield><marc:subfield code="4">lyr</marc:subfield><marc:subfield code="4">cmp</marc:subfield></marc:datafield><marc:datafield tag="245" ind1="1" ind2="0"><marc:subfield code="a">Månesjuk</marc:subfield><marc:subfield code="c">Hilde Louise Asbjørnsen, composer, lyricist</marc:subfield></marc:datafield><marc:datafield tag="264" ind1=" " ind2="1"><marc:subfield code="a">[Norge]</marc:subfield><marc:subfield code="b">Grappa</marc:subfield><marc:subfield code="c">2014-09-12</marc:subfield></marc:datafield><marc:datafield tag="264" ind1=" " ind2="4"><marc:subfield code="c">℗ 2014</marc:subfield></marc:datafield><marc:datafield tag="300" ind1=" " ind2=" "><marc:subfield code="a">1 online (nettilkoblet) ressurs (1 lydfil)</marc:subfield></marc:datafield><marc:datafield tag="306" ind1=" " ind2=" "><marc:subfield code="a">000336</marc:subfield></marc:datafield><marc:datafield tag="336" ind1=" " ind2=" "><marc:subfield code="a">framført musikk</marc:subfield><marc:subfield code="0">http://rdaregistry.info/termList/RDAContentType/1011</marc:subfield><marc:subfield code="2">rdaco</marc:subfield></marc:datafield><marc:datafield tag="337" ind1=" " ind2=" "><marc:subfield code="a">datamaskin</marc:subfield><marc:subfield code="0">http://rdaregistry.info/termList/RDAMediaType/1003</marc:subfield><marc:subfield code="2">rdamt</marc:subfield></marc:datafield><marc:datafield tag="338" ind1=" " ind2=" "><marc:subfield code="a">online (nettilkoblet) ressurs</marc:subfield><marc:subfield code="0">http://rdaregistry.info/termList/RDACarrierType/1018</marc:subfield><marc:subfield code="2">rdact</marc:subfield></marc:datafield><marc:datafield tag="344" ind1=" " ind2=" "><marc:subfield code="a">digital</marc:subfield><marc:subfield code="0">http://rdaregistry.info/termList/typeRec/1002</marc:subfield><marc:subfield code="2">rdatr</marc:subfield></marc:datafield><marc:datafield tag="347" ind1=" " ind2=" "><marc:subfield code="a">lydfil</marc:subfield><marc:subfield code="0">http://rdaregistry.info/termList/fileType/1001</marc:subfield><marc:subfield code="2">rdaft</marc:subfield></marc:datafield><marc:datafield tag="347" ind1=" " ind2=" "><marc:subfield code="b">FLAC</marc:subfield></marc:datafield><marc:datafield tag="508" ind1=" " ind2=" "><marc:subfield code="a">Produsent, Hilde Louise Asbjørnsen, Anders Aarum</marc:subfield></marc:datafield><marc:datafield tag="511" ind1="0" ind2=" "><marc:subfield code="a">Hilde Louise Asbjørnsen, Anders Aarum, Svein Erik Martinsen, Jens Fossum, Klaus Robert Blomvik, Julie Dahle Aagård, Karin Okkenhaug Seim</marc:subfield></marc:datafield><marc:datafield tag="588" ind1=" " ind2=" "><marc:subfield code="a">Importert fra Phonofile</marc:subfield></marc:datafield><marc:datafield tag="690" ind1=" " ind2=" "><marc:subfield code="a">Jazz</marc:subfield><marc:subfield code="2">phonofile</marc:subfield><marc:subfield code="9">local</marc:subfield></marc:datafield><marc:datafield tag="700" ind1="1" ind2=" "><marc:subfield code="a">Aagård, Julie Dahle</marc:subfield><marc:subfield code="4">mus</marc:subfield></marc:datafield><marc:datafield tag="700" ind1="1" ind2=" "><marc:subfield code="a">Aarum, Anders</marc:subfield><marc:subfield code="4">mus</marc:subfield><marc:subfield code="4">pro</marc:subfield></marc:datafield><marc:datafield tag="700" ind1="1" ind2=" "><marc:subfield code="a">Blomvik, Klaus Robert</marc:subfield><marc:subfield code="4">mus</marc:subfield></marc:datafield><marc:datafield tag="700" ind1="1" ind2=" "><marc:subfield code="a">Fossum, Jens</marc:subfield><marc:subfield code="4">mus</marc:subfield></marc:datafield><marc:datafield tag="700" ind1="1" ind2=" "><marc:subfield code="a">Martinsen, Svein Erik</marc:subfield><marc:subfield code="4">mus</marc:subfield></marc:datafield><marc:datafield tag="700" ind1="1" ind2=" "><marc:subfield code="a">Seim, Karin Okkenhaug</marc:subfield><marc:subfield code="4">mus</marc:subfield></marc:datafield><marc:datafield tag="773" ind1="0" ind2=" "><marc:subfield code="t">Sweet Morning Music</marc:subfield><marc:subfield code="d">[Norge] : Grappa, 2014-09-12</marc:subfield><marc:subfield code="g">9</marc:subfield><marc:subfield code="w">(NO-OsNB)EAN_7033662044689</marc:subfield></marc:datafield><marc:datafield tag="856" ind1="4" ind2="0"><marc:subfield code="3"></marc:subfield><marc:subfield code="y">NB Digital plikt</marc:subfield><marc:subfield code="u">http://urn.nb.no/URN:NBN:no-nb_pliktmusikk_EAN_7033662044689_01_0009</marc:subfield><marc:subfield code="z"></marc:subfield></marc:datafield><marc:datafield tag="856" ind1="4" ind2="0"><marc:subfield code="u">https://urn.nb.no/URN:NBN:no-nb_pliktmusikk_EAN_7033662044689_01_0009</marc:subfield><marc:subfield code="3">Fulltekst</marc:subfield><marc:subfield code="y">Nettbiblioteket</marc:subfield><marc:subfield code="z">Spor</marc:subfield></marc:datafield><marc:datafield tag="913" ind1=" " ind2=" "><marc:subfield code="a">Nordisko</marc:subfield><marc:subfield code="b">NB</marc:subfield></marc:datafield><marc:datafield tag="999" ind1=" " ind2=" "><marc:subfield code="a">CP</marc:subfield><marc:subfield code="9">local</marc:subfield></marc:datafield></marc:record>