
<marc:record><marc:leader>01753njm a22004097c 4500</marc:leader>
<marc:controlfield tag="001">999920467274502202</marc:controlfield>
<marc:controlfield tag="005">20240411212232.0</marc:controlfield><marc:controlfield tag="007">cr||||||||||||</marc:controlfield><marc:controlfield tag="007">sr||||||||||||</marc:controlfield><marc:controlfield tag="008">231201t20232023no |||||o########|#|und|#</marc:controlfield><marc:datafield tag="024" ind1="1" ind2=" "><marc:subfield code="a">197190461183</marc:subfield></marc:datafield><marc:datafield tag="028" ind1="0" ind2="1"><marc:subfield code="a">TNS2301063</marc:subfield><marc:subfield code="b">The Norwegian Sound</marc:subfield></marc:datafield><marc:datafield tag="035" ind1=" " ind2=" "><marc:subfield code="a">(EXLNZ-47BIBSYS_NETWORK)999922295767902201</marc:subfield></marc:datafield><marc:datafield tag="035" ind1=" " ind2=" "><marc:subfield code="a">(NO-OsNB)UPC_197190461183</marc:subfield></marc:datafield><marc:datafield tag="035" ind1=" " ind2=" "><marc:subfield code="a">oai:nb.no:pliktmusikk_UPC_197190461183</marc:subfield></marc:datafield><marc:datafield tag="040" ind1=" " ind2=" "><marc:subfield code="b">nob</marc:subfield><marc:subfield code="d">NO-OsNB</marc:subfield><marc:subfield code="e">rda</marc:subfield></marc:datafield><marc:datafield tag="245" ind1="0" ind2="0"><marc:subfield code="a">Førjulsminner</marc:subfield><marc:subfield code="c">Grethe Karin Fossum</marc:subfield></marc:datafield><marc:datafield tag="264" ind1=" " ind2="1"><marc:subfield code="a">[Norge]</marc:subfield><marc:subfield code="b">The Norwegian Sound</marc:subfield><marc:subfield code="c">2023-12-01</marc:subfield></marc:datafield><marc:datafield tag="264" ind1=" " ind2="4"><marc:subfield code="c">℗ 2023</marc:subfield></marc:datafield><marc:datafield tag="300" ind1=" " ind2=" "><marc:subfield code="a">1 online (nettilkoblet) ressurs</marc:subfield></marc:datafield><marc:datafield tag="306" ind1=" " ind2=" "><marc:subfield code="a">000507</marc:subfield></marc:datafield><marc:datafield tag="336" ind1=" " ind2=" "><marc:subfield code="a">framført musikk</marc:subfield><marc:subfield code="0">http://rdaregistry.info/termList/RDAContentType/1011</marc:subfield><marc:subfield code="2">rdaco</marc:subfield></marc:datafield><marc:datafield tag="337" ind1=" " ind2=" "><marc:subfield code="a">datamaskin</marc:subfield><marc:subfield code="0">http://rdaregistry.info/termList/RDAMediaType/1003</marc:subfield><marc:subfield code="2">rdamt</marc:subfield></marc:datafield><marc:datafield tag="338" ind1=" " ind2=" "><marc:subfield code="a">online (nettilkoblet) ressurs</marc:subfield><marc:subfield code="0">http://rdaregistry.info/termList/RDACarrierType/1018</marc:subfield><marc:subfield code="2">rdact</marc:subfield></marc:datafield><marc:datafield tag="508" ind1=" " ind2=" "><marc:subfield code="a">Produsent, Marius Bergseth</marc:subfield></marc:datafield><marc:datafield tag="511" ind1="0" ind2=" "><marc:subfield code="a">Grethe Karin Fossum</marc:subfield></marc:datafield><marc:datafield tag="588" ind1=" " ind2=" "><marc:subfield code="a">Importert fra Orchard</marc:subfield></marc:datafield><marc:datafield tag="690" ind1=" " ind2=" "><marc:subfield code="a">Christmas</marc:subfield><marc:subfield code="2">orchard</marc:subfield><marc:subfield code="9">local</marc:subfield></marc:datafield><marc:datafield tag="690" ind1=" " ind2=" "><marc:subfield code="a">Holiday</marc:subfield><marc:subfield code="2">orchard</marc:subfield><marc:subfield code="9">local</marc:subfield></marc:datafield><marc:datafield tag="700" ind1="1" ind2=" "><marc:subfield code="a">Bergseth, Marius</marc:subfield><marc:subfield code="4">pro</marc:subfield></marc:datafield><marc:datafield tag="700" ind1="1" ind2=" "><marc:subfield code="a">Fossum, Grethe Karin</marc:subfield><marc:subfield code="4">cre</marc:subfield><marc:subfield code="4">https://id.nb.no/vocabulary/perfrel/1</marc:subfield></marc:datafield><marc:datafield tag="856" ind1="4" ind2="0"><marc:subfield code="3"></marc:subfield><marc:subfield code="y">NB Digital plikt</marc:subfield><marc:subfield code="u">http://urn.nb.no/URN:NBN:no-nb_pliktmusikk_UPC_197190461183</marc:subfield><marc:subfield code="z">Singel</marc:subfield></marc:datafield><marc:datafield tag="856" ind1="4" ind2="0"><marc:subfield code="u">https://urn.nb.no/URN:NBN:no-nb_pliktmusikk_UPC_197190461183</marc:subfield><marc:subfield code="3">Fulltekst</marc:subfield><marc:subfield code="y">Nettbiblioteket</marc:subfield><marc:subfield code="z">Singel</marc:subfield></marc:datafield><marc:datafield tag="856" ind1="4" ind2="2"><marc:subfield code="u">https://www.nb.no/services/image/resolver/URN:NBN:no-nb_pliktmusikk_UPC_197190461183_image_001/full/0,200/0/native.jpg</marc:subfield><marc:subfield code="3">Omslagsbilde</marc:subfield><marc:subfield code="q">image/jpeg</marc:subfield><marc:subfield code="y">Nettbiblioteket</marc:subfield></marc:datafield><marc:datafield tag="913" ind1=" " ind2=" "><marc:subfield code="a">Musikk</marc:subfield><marc:subfield code="b">NB</marc:subfield></marc:datafield><marc:datafield tag="913" ind1=" " ind2=" "><marc:subfield code="a">Nordisko</marc:subfield><marc:subfield code="b">NB</marc:subfield></marc:datafield><marc:datafield tag="991" ind1=" " ind2=" "><marc:subfield code="a">Component parts</marc:subfield></marc:datafield></marc:record>