
<marc:record><marc:leader>02717cam a2200421 c 4500</marc:leader>
<marc:controlfield tag="001">999920490300602202</marc:controlfield>
<marc:controlfield tag="005">20240223104915.0</marc:controlfield><marc:controlfield tag="007">ta</marc:controlfield><marc:controlfield tag="008">231204s2024    no     e |||||||| 1|nob| </marc:controlfield><marc:datafield tag="020" ind1=" " ind2=" "><marc:subfield code="a">9788202829575</marc:subfield><marc:subfield code="c">Nkr 229.00</marc:subfield><marc:subfield code="q">heftet</marc:subfield></marc:datafield><marc:datafield tag="035" ind1=" " ind2=" "><marc:subfield code="a">(EXLNZ-47BIBSYS_NETWORK)999922297659402201</marc:subfield></marc:datafield><marc:datafield tag="035" ind1=" " ind2=" "><marc:subfield code="a">(NO-OsBA)0707721</marc:subfield></marc:datafield><marc:datafield tag="035" ind1=" " ind2=" "><marc:subfield code="a">oai:bibbi.bs.no:0707721</marc:subfield></marc:datafield><marc:datafield tag="040" ind1=" " ind2=" "><marc:subfield code="a">NO-OsBA</marc:subfield><marc:subfield code="b">nob</marc:subfield><marc:subfield code="e">rda</marc:subfield><marc:subfield code="d">NO-OsNB</marc:subfield></marc:datafield><marc:datafield tag="082" ind1="0" ind2="4"><marc:subfield code="a">839.82374</marc:subfield><marc:subfield code="q">NO-OsBA</marc:subfield><marc:subfield code="2">23/nor</marc:subfield></marc:datafield><marc:datafield tag="100" ind1="1" ind2=" "><marc:subfield code="a">Fossum, Karin</marc:subfield><marc:subfield code="d">1954-</marc:subfield><marc:subfield code="0">(NO-TrBIB)90608300</marc:subfield><marc:subfield code="4">aut</marc:subfield></marc:datafield><marc:datafield tag="240" ind1="0" ind2="0"><marc:subfield code="a">Farvel, Farah Diba</marc:subfield></marc:datafield><marc:datafield tag="245" ind1="1" ind2="0"><marc:subfield code="a">Farvel, Farah Diba</marc:subfield><marc:subfield code="c">Karin Fossum</marc:subfield></marc:datafield><marc:datafield tag="264" ind1=" " ind2="1"><marc:subfield code="a">Oslo</marc:subfield><marc:subfield code="b">Cappelen Damm</marc:subfield><marc:subfield code="c">2024</marc:subfield></marc:datafield><marc:datafield tag="300" ind1=" " ind2=" "><marc:subfield code="a">315 sider</marc:subfield></marc:datafield><marc:datafield tag="336" ind1=" " ind2=" "><marc:subfield code="a">tekst</marc:subfield><marc:subfield code="0">http://rdaregistry.info/termList/RDAContentType/1020</marc:subfield><marc:subfield code="2">rdaco</marc:subfield></marc:datafield><marc:datafield tag="337" ind1=" " ind2=" "><marc:subfield code="a">uformidlet</marc:subfield><marc:subfield code="0">http://rdaregistry.info/termList/RDAMediaType/1007</marc:subfield><marc:subfield code="2">rdamt</marc:subfield></marc:datafield><marc:datafield tag="338" ind1=" " ind2=" "><marc:subfield code="a">bind</marc:subfield><marc:subfield code="0">http://rdaregistry.info/termList/RDACarrierType/1049</marc:subfield><marc:subfield code="2">rdact</marc:subfield></marc:datafield><marc:datafield tag="490" ind1="1" ind2=" "><marc:subfield code="a">En Feber-krim</marc:subfield><marc:subfield code="v">[3]</marc:subfield></marc:datafield><marc:datafield tag="500" ind1=" " ind2=" "><marc:subfield code="a">1. utgave 2023</marc:subfield></marc:datafield><marc:datafield tag="520" ind1=" " ind2=" "><marc:subfield code="a">En mann kommer farende inn på politihuset, han halter og roper at datteren hans er borte. Hun er snart 6 år. Etterforsker Eddie Feber har selv en datter på samme alder. Kandis forsvant midt på dagen. Hun hadde blå kjole og hårsløyfe, joggesko og det mørke håret samlet i en lang flette. Pappa Alfie René er en plaget mann, synlig preget av en tidligere motorsykkelulykke og oppslukt av fortvilelse over datterens forsvinning. Mamma Fayroz Mohaved er død av kreft. En jente er blitt observert på lageret i en Joker-butikk og i en blå kassebil ved en bensinstasjon, nær skogområdet Natvig. Er Kandis bortført av en overgriper? Er den lille jenta i den vakre kjolen tatt med langt inn i den mørke skogen? Etter hvert som dagene går, blir håpet om å finne jenta i live til et desperat og kanskje urealistisk ønske.</marc:subfield></marc:datafield><marc:datafield tag="650" ind1="2" ind2="7"><marc:subfield code="a">Feber, Eddie (fiktiv person)</marc:subfield><marc:subfield code="0">(NO-OsBA)1204891</marc:subfield><marc:subfield code="2">bibbi</marc:subfield><marc:subfield code="9">nno</marc:subfield></marc:datafield><marc:datafield tag="650" ind1="2" ind2="7"><marc:subfield code="a">Feber, Eddie (fiktiv person)</marc:subfield><marc:subfield code="0">(NO-OsBA)1204891</marc:subfield><marc:subfield code="2">bibbi</marc:subfield><marc:subfield code="9">nob</marc:subfield></marc:datafield><marc:datafield tag="655" ind1=" " ind2="7"><marc:subfield code="a">Krim</marc:subfield><marc:subfield code="0">(uri)https://id.nb.no/vocabulary/ntsf/159</marc:subfield><marc:subfield code="2">ntsf</marc:subfield></marc:datafield><marc:datafield tag="655" ind1=" " ind2="7"><marc:subfield code="a">Romaner</marc:subfield><marc:subfield code="0">(uri)https://id.nb.no/vocabulary/ntsf/258</marc:subfield><marc:subfield code="2">ntsf</marc:subfield></marc:datafield><marc:datafield tag="700" ind1="1" ind2=" "><marc:subfield code="a">Fossum, Karin</marc:subfield><marc:subfield code="d">1954-</marc:subfield><marc:subfield code="t">Farvel, Farah Diba</marc:subfield><marc:subfield code="0">(NO-TrBIB)90608300</marc:subfield></marc:datafield><marc:datafield tag="800" ind1="1" ind2=" "><marc:subfield code="a">Fossum, Karin</marc:subfield><marc:subfield code="d">1954-</marc:subfield><marc:subfield code="t">En Feber-krim</marc:subfield><marc:subfield code="v">3</marc:subfield><marc:subfield code="0">(NO-TrBIB)90608300</marc:subfield></marc:datafield><marc:datafield tag="852" ind1="8" ind2=" "><marc:subfield code="b">0030100</marc:subfield><marc:subfield code="c">g00005</marc:subfield><marc:subfield code="h">NA/A 2024:1297</marc:subfield></marc:datafield><marc:datafield tag="852" ind1="8" ind2=" "><marc:subfield code="b">0183334</marc:subfield><marc:subfield code="c">g00005</marc:subfield></marc:datafield><marc:datafield tag="856" ind1=" " ind2=" "><marc:subfield code="a">aja.bs.no</marc:subfield><marc:subfield code="q">image/jpeg</marc:subfield><marc:subfield code="u">https://media.aja.bs.no/07544fa4-6f9d-47ab-b725-a6fb77ada59e/original.jpg</marc:subfield><marc:subfield code="3">Omslagsbilde</marc:subfield></marc:datafield><marc:datafield tag="856" ind1=" " ind2=" "><marc:subfield code="a">aja.bs.no</marc:subfield><marc:subfield code="q">image/jpeg</marc:subfield><marc:subfield code="u">https://media.aja.bs.no/07544fa4-6f9d-47ab-b725-a6fb77ada59e/thumbnail.jpg</marc:subfield><marc:subfield code="3">Miniatyrbilde</marc:subfield></marc:datafield><marc:datafield tag="856" ind1="4" ind2="2"><marc:subfield code="3">Forlagets beskrivelse (lang)</marc:subfield><marc:subfield code="u">https://contents.bibs.aws.unit.no/content/?isbn=9788202829575</marc:subfield></marc:datafield><marc:datafield tag="913" ind1=" " ind2=" "><marc:subfield code="a">Norbok</marc:subfield><marc:subfield code="b">NB</marc:subfield></marc:datafield></marc:record>