
<marc:record><marc:leader>05036nam a2200733 c 4500</marc:leader>
<marc:controlfield tag="001">999920503498802202</marc:controlfield>
<marc:controlfield tag="005">20240419164513.0</marc:controlfield><marc:controlfield tag="007">ta</marc:controlfield><marc:controlfield tag="008">191213s2019    sp     e ||||||00|1|spa| c</marc:controlfield><marc:datafield tag="020" ind1=" " ind2=" "><marc:subfield code="a">978-84-17651-37-4</marc:subfield><marc:subfield code="q">heftet</marc:subfield></marc:datafield><marc:datafield tag="035" ind1=" " ind2=" "><marc:subfield code="a">(EXLNZ-47BIBSYS_NETWORK)999920962874502201</marc:subfield></marc:datafield><marc:datafield tag="040" ind1=" " ind2=" "><marc:subfield code="a">NO-OsNB</marc:subfield><marc:subfield code="b">nob</marc:subfield><marc:subfield code="e">rda</marc:subfield></marc:datafield><marc:datafield tag="041" ind1="1" ind2=" "><marc:subfield code="a">spa</marc:subfield><marc:subfield code="h">nob</marc:subfield></marc:datafield><marc:datafield tag="082" ind1="0" ind2="4"><marc:subfield code="a">839.8238008</marc:subfield><marc:subfield code="q">NO-OsNB</marc:subfield><marc:subfield code="2">23/nor/20240402</marc:subfield></marc:datafield><marc:datafield tag="130" ind1="0" ind2=" "><marc:subfield code="a">Mujeres de los fiordos</marc:subfield></marc:datafield><marc:datafield tag="245" ind1="0" ind2="0"><marc:subfield code="a">Mujeres de los fiordos:</marc:subfield><marc:subfield code="b">relatos de escritoras noruegas</marc:subfield><marc:subfield code="c">VV. AA.</marc:subfield></marc:datafield><marc:datafield tag="250" ind1=" " ind2=" "><marc:subfield code="a">Tercera edición</marc:subfield></marc:datafield><marc:datafield tag="260" ind1=" " ind2=" "><marc:subfield code="a">Madrid</marc:subfield><marc:subfield code="b">Nórdica Libros</marc:subfield><marc:subfield code="c">febrero de 2019</marc:subfield></marc:datafield><marc:datafield tag="300" ind1=" " ind2=" "><marc:subfield code="a">185 sider</marc:subfield></marc:datafield><marc:datafield tag="336" ind1=" " ind2=" "><marc:subfield code="a">tekst</marc:subfield><marc:subfield code="0">http://rdaregistry.info/termList/RDAContentType/1020</marc:subfield><marc:subfield code="2">rdaco</marc:subfield></marc:datafield><marc:datafield tag="337" ind1=" " ind2=" "><marc:subfield code="a">uformidlet</marc:subfield><marc:subfield code="0">http://rdaregistry.info/termList/RDAMediaType/1007</marc:subfield><marc:subfield code="2">rdamt</marc:subfield></marc:datafield><marc:datafield tag="338" ind1=" " ind2=" "><marc:subfield code="a">bind</marc:subfield><marc:subfield code="0">http://rdaregistry.info/termList/RDACarrierType/1049</marc:subfield><marc:subfield code="2">rdact</marc:subfield></marc:datafield><marc:datafield tag="490" ind1="1" ind2=" "><marc:subfield code="a">Colección letras nórdicas</marc:subfield><marc:subfield code="v">11</marc:subfield></marc:datafield><marc:datafield tag="500" ind1=" " ind2=" "><marc:subfield code="a">Inneholder utdrag fra 11 romaner av norske forfattere</marc:subfield></marc:datafield><marc:datafield tag="505" ind1="0" ind2=" "><marc:subfield code="a">Hambre intensa, náusea súbita / Trude Marstein ; traducción del noruego de Cristina Gómez-Baggethun. Amor / Hanne Ørstavik ; traducción del noruego de Juan Gutiérrez-Maupomé. El largo paseo / Beate Grimsrud ; traducción del noruego de Gabriela Macchi. El mar de la tranquilidad / Merethe Lindstrøm ; traducción del noruego de Anne-Lise Cloetta y M.a Josep Udina. Las hermanas en el parque / Gro Dahle ; traducción del noruego de Pablo Osorio. La columna / Karin Fossum ; traducción del noruego de Carmen Freixanet. Pequeña laguna, escúchame / Inger Haldis Halvari ; traducción del noruego de Kirsti Baggethun. El buen corazón / Karin Sveen ; traducción del noruego de Ulrikke Kase Evensen. Mirador con sol / Laila Stien ; traducción del noruego de Mario Puertas. El motivo / Herbjørg Vassmo ; traducción del noruego de Inés Armesto. Una petunia olvidada / Bjørg Vik ; traducción del noruego de Lorena Catalina López.</marc:subfield></marc:datafield><marc:datafield tag="536" ind1=" " ind2=" "><marc:subfield code="a">NORLA</marc:subfield></marc:datafield><marc:datafield tag="655" ind1=" " ind2="7"><marc:subfield code="a">Antologier</marc:subfield><marc:subfield code="0">(uri)https://id.nb.no/vocabulary/ntsf/15</marc:subfield><marc:subfield code="2">ntsf</marc:subfield></marc:datafield><marc:datafield tag="700" ind1="1" ind2=" "><marc:subfield code="a">Armesto, Inés</marc:subfield><marc:subfield code="0">(NO-TrBIB)1707990461596</marc:subfield><marc:subfield code="4">trl</marc:subfield></marc:datafield><marc:datafield tag="700" ind1="1" ind2=" "><marc:subfield code="a">Baggethun, Kirsti</marc:subfield><marc:subfield code="d">1944-</marc:subfield><marc:subfield code="0">(NO-TrBIB)90584630</marc:subfield><marc:subfield code="4">trl</marc:subfield></marc:datafield><marc:datafield tag="700" ind1="1" ind2=" "><marc:subfield code="a">Cloetta, Anne-Lise</marc:subfield><marc:subfield code="0">(NO-TrBIB)4042350</marc:subfield><marc:subfield code="4">trl</marc:subfield></marc:datafield><marc:datafield tag="700" ind1="1" ind2=" "><marc:subfield code="a">Evensen, Ulrikke Kase</marc:subfield><marc:subfield code="0">(NO-TrBIB)1707990461595</marc:subfield><marc:subfield code="4">trl</marc:subfield></marc:datafield><marc:datafield tag="700" ind1="1" ind2=" "><marc:subfield code="a">Freixanet, Carmen</marc:subfield><marc:subfield code="d">1954-</marc:subfield><marc:subfield code="0">(NO-TrBIB)12002530</marc:subfield><marc:subfield code="4">trl</marc:subfield></marc:datafield><marc:datafield tag="700" ind1="1" ind2=" "><marc:subfield code="a">Gómez Baggethun, Cristina</marc:subfield><marc:subfield code="d">1974-</marc:subfield><marc:subfield code="0">(NO-TrBIB)10053482</marc:subfield><marc:subfield code="4">trl</marc:subfield></marc:datafield><marc:datafield tag="700" ind1="1" ind2=" "><marc:subfield code="a">Gutiérrez-Maupomé, Juan Cristián</marc:subfield><marc:subfield code="d">1961-</marc:subfield><marc:subfield code="0">(NO-TrBIB)1523345894633</marc:subfield><marc:subfield code="4">trl</marc:subfield></marc:datafield><marc:datafield tag="700" ind1="1" ind2=" "><marc:subfield code="a">López, Lorena Catalina</marc:subfield><marc:subfield code="0">(NO-TrBIB)1707990461598</marc:subfield><marc:subfield code="4">trl</marc:subfield></marc:datafield><marc:datafield tag="700" ind1="1" ind2=" "><marc:subfield code="a">Macchi, Gabriella</marc:subfield><marc:subfield code="d">1962-</marc:subfield><marc:subfield code="0">(NO-TrBIB)1707990461592</marc:subfield><marc:subfield code="4">trl</marc:subfield></marc:datafield><marc:datafield tag="700" ind1="1" ind2=" "><marc:subfield code="a">Osorio, Pablo</marc:subfield><marc:subfield code="d">1966-</marc:subfield><marc:subfield code="0">(NO-TrBIB)1507616671432</marc:subfield><marc:subfield code="4">trl</marc:subfield></marc:datafield><marc:datafield tag="700" ind1="1" ind2=" "><marc:subfield code="a">Puertas, Mario</marc:subfield><marc:subfield code="d">1965-</marc:subfield><marc:subfield code="0">(NO-TrBIB)11039704</marc:subfield><marc:subfield code="4">trl</marc:subfield></marc:datafield><marc:datafield tag="700" ind1="1" ind2=" "><marc:subfield code="a">Udina, Joseph</marc:subfield><marc:subfield code="0">(NO-TrBIB)1707990461594</marc:subfield><marc:subfield code="4">trl</marc:subfield></marc:datafield><marc:datafield tag="700" ind1="1" ind2=" "><marc:subfield code="i">Oversettelse av:</marc:subfield><marc:subfield code="a">Dahle, Gro</marc:subfield><marc:subfield code="d">1962-</marc:subfield><marc:subfield code="t">Søstrene i parken</marc:subfield><marc:subfield code="k">Utvalg</marc:subfield><marc:subfield code="l">Norsk</marc:subfield><marc:subfield code="0">(NO-TrBIB)90066876</marc:subfield></marc:datafield><marc:datafield tag="700" ind1="1" ind2=" "><marc:subfield code="i">Oversettelse av:</marc:subfield><marc:subfield code="a">Fossum, Karin</marc:subfield><marc:subfield code="d">1954-</marc:subfield><marc:subfield code="t">Søylen</marc:subfield><marc:subfield code="k">Utvalg</marc:subfield><marc:subfield code="l">Norsk</marc:subfield><marc:subfield code="0">(NO-TrBIB)90608300</marc:subfield></marc:datafield><marc:datafield tag="700" ind1="1" ind2=" "><marc:subfield code="i">Oversettelse av:</marc:subfield><marc:subfield code="a">Grimsrud, Beate</marc:subfield><marc:subfield code="d">1963-2020</marc:subfield><marc:subfield code="t">Den lange turen</marc:subfield><marc:subfield code="k">Utvalg</marc:subfield><marc:subfield code="l">Norsk</marc:subfield><marc:subfield code="0">(NO-TrBIB)90324824</marc:subfield></marc:datafield><marc:datafield tag="700" ind1="1" ind2=" "><marc:subfield code="i">Oversettelse av:</marc:subfield><marc:subfield code="a">Halvari, Inger Haldis</marc:subfield><marc:subfield code="d">1952-</marc:subfield><marc:subfield code="t">Lille tjern, hør meg!</marc:subfield><marc:subfield code="k">Utvalg</marc:subfield><marc:subfield code="l">Norsk</marc:subfield><marc:subfield code="0">(NO-TrBIB)90184451</marc:subfield></marc:datafield><marc:datafield tag="700" ind1="1" ind2=" "><marc:subfield code="i">Oversettelse av:</marc:subfield><marc:subfield code="a">Lindstrøm, Merethe</marc:subfield><marc:subfield code="d">1963-</marc:subfield><marc:subfield code="t">Stillhetens hav</marc:subfield><marc:subfield code="k">Utvalg</marc:subfield><marc:subfield code="l">Norsk</marc:subfield><marc:subfield code="0">(NO-TrBIB)90233060</marc:subfield></marc:datafield><marc:datafield tag="700" ind1="1" ind2=" "><marc:subfield code="i">Oversettelse av:</marc:subfield><marc:subfield code="a">Marstein, Trude</marc:subfield><marc:subfield code="d">1973-</marc:subfield><marc:subfield code="t">Sterk sult, plutselig kvalme</marc:subfield><marc:subfield code="k">Utvalg</marc:subfield><marc:subfield code="l">Norsk</marc:subfield><marc:subfield code="0">(NO-TrBIB)99000603</marc:subfield></marc:datafield><marc:datafield tag="700" ind1="1" ind2=" "><marc:subfield code="i">Oversettelse av:</marc:subfield><marc:subfield code="a">Ørstavik, Hanne</marc:subfield><marc:subfield code="d">1969-</marc:subfield><marc:subfield code="t">Kjærlighet</marc:subfield><marc:subfield code="k">Utvalg</marc:subfield><marc:subfield code="l">Norsk</marc:subfield><marc:subfield code="0">(NO-TrBIB)90778985</marc:subfield></marc:datafield><marc:datafield tag="700" ind1="1" ind2=" "><marc:subfield code="i">Oversettelse av:</marc:subfield><marc:subfield code="a">Stien, Laila</marc:subfield><marc:subfield code="d">1946-</marc:subfield><marc:subfield code="t">Veranda med sol</marc:subfield><marc:subfield code="k">Utvalg</marc:subfield><marc:subfield code="l">Norsk</marc:subfield><marc:subfield code="0">(NO-TrBIB)90078719</marc:subfield></marc:datafield><marc:datafield tag="700" ind1="1" ind2=" "><marc:subfield code="i">Oversettelse av:</marc:subfield><marc:subfield code="a">Sveen, Karin</marc:subfield><marc:subfield code="d">1948-</marc:subfield><marc:subfield code="t">Det gode hjertet</marc:subfield><marc:subfield code="k">Utvalg</marc:subfield><marc:subfield code="l">Norsk</marc:subfield><marc:subfield code="0">(NO-TrBIB)90089510</marc:subfield></marc:datafield><marc:datafield tag="700" ind1="1" ind2=" "><marc:subfield code="i">Oversettelse av:</marc:subfield><marc:subfield code="a">Wassmo, Herbjørg</marc:subfield><marc:subfield code="d">1942-</marc:subfield><marc:subfield code="t">Motivet</marc:subfield><marc:subfield code="k">Utvalg</marc:subfield><marc:subfield code="l">Norsk</marc:subfield><marc:subfield code="0">(NO-TrBIB)90095668</marc:subfield></marc:datafield><marc:datafield tag="700" ind1="1" ind2="2"><marc:subfield code="a">Dahle, Gro</marc:subfield><marc:subfield code="d">1962-</marc:subfield><marc:subfield code="t">Søstrene i parken</marc:subfield><marc:subfield code="k">Utvalg</marc:subfield><marc:subfield code="l">Spansk</marc:subfield><marc:subfield code="0">(NO-TrBIB)90066876</marc:subfield></marc:datafield><marc:datafield tag="700" ind1="1" ind2="2"><marc:subfield code="a">Fossum, Karin</marc:subfield><marc:subfield code="d">1954-</marc:subfield><marc:subfield code="t">Søylen</marc:subfield><marc:subfield code="k">Utvalg</marc:subfield><marc:subfield code="l">Spansk</marc:subfield><marc:subfield code="0">(NO-TrBIB)90608300</marc:subfield></marc:datafield><marc:datafield tag="700" ind1="1" ind2="2"><marc:subfield code="a">Grimsrud, Beate</marc:subfield><marc:subfield code="d">1963-2020</marc:subfield><marc:subfield code="t">Den lange turen</marc:subfield><marc:subfield code="k">Utvalg</marc:subfield><marc:subfield code="l">Spansk</marc:subfield><marc:subfield code="0">(NO-TrBIB)90324824</marc:subfield></marc:datafield><marc:datafield tag="700" ind1="1" ind2="2"><marc:subfield code="a">Halvari, Inger Haldis</marc:subfield><marc:subfield code="d">1952-</marc:subfield><marc:subfield code="t">Lille tjern, hør meg!</marc:subfield><marc:subfield code="k">Utvalg</marc:subfield><marc:subfield code="l">Spansk</marc:subfield><marc:subfield code="0">(NO-TrBIB)90184451</marc:subfield></marc:datafield><marc:datafield tag="700" ind1="1" ind2="2"><marc:subfield code="a">Lindstrøm, Merethe</marc:subfield><marc:subfield code="d">1963-</marc:subfield><marc:subfield code="t">Stillhetens hav</marc:subfield><marc:subfield code="k">Utvalg</marc:subfield><marc:subfield code="l">Spansk</marc:subfield><marc:subfield code="0">(NO-TrBIB)90233060</marc:subfield></marc:datafield><marc:datafield tag="700" ind1="1" ind2="2"><marc:subfield code="a">Marstein, Trude</marc:subfield><marc:subfield code="d">1973-</marc:subfield><marc:subfield code="t">Sterk sult, plutselig kvalme</marc:subfield><marc:subfield code="k">Utvalg</marc:subfield><marc:subfield code="l">Spansk</marc:subfield><marc:subfield code="0">(NO-TrBIB)99000603</marc:subfield></marc:datafield><marc:datafield tag="700" ind1="1" ind2="2"><marc:subfield code="a">Ørstavik, Hanne</marc:subfield><marc:subfield code="d">1969-</marc:subfield><marc:subfield code="t">Kjærlighet</marc:subfield><marc:subfield code="k">Utvalg</marc:subfield><marc:subfield code="l">Spansk</marc:subfield><marc:subfield code="0">(NO-TrBIB)90778985</marc:subfield></marc:datafield><marc:datafield tag="700" ind1="1" ind2="2"><marc:subfield code="a">Stien, Laila</marc:subfield><marc:subfield code="d">1946-</marc:subfield><marc:subfield code="t">Veranda med sol</marc:subfield><marc:subfield code="k">Utvalg</marc:subfield><marc:subfield code="l">Spansk</marc:subfield><marc:subfield code="0">(NO-TrBIB)90078719</marc:subfield></marc:datafield><marc:datafield tag="700" ind1="1" ind2="2"><marc:subfield code="a">Sveen, Karin</marc:subfield><marc:subfield code="d">1948-</marc:subfield><marc:subfield code="t">Det gode hjertet</marc:subfield><marc:subfield code="k">Utvalg</marc:subfield><marc:subfield code="l">Spansk</marc:subfield><marc:subfield code="0">(NO-TrBIB)90089510</marc:subfield></marc:datafield><marc:datafield tag="700" ind1="1" ind2="2"><marc:subfield code="a">Wassmo, Herbjørg</marc:subfield><marc:subfield code="d">1942-</marc:subfield><marc:subfield code="t">Motivet</marc:subfield><marc:subfield code="k">Utvalg</marc:subfield><marc:subfield code="l">Spansk</marc:subfield><marc:subfield code="0">(NO-TrBIB)90095668</marc:subfield></marc:datafield><marc:datafield tag="830" ind1=" " ind2="0"><marc:subfield code="a">Letras nórdicas</marc:subfield><marc:subfield code="v">11</marc:subfield></marc:datafield><marc:datafield tag="852" ind1="8" ind2=" "><marc:subfield code="b">0030100</marc:subfield><marc:subfield code="c">g00005</marc:subfield><marc:subfield code="h">NA/A 2024:1870</marc:subfield></marc:datafield><marc:datafield tag="913" ind1=" " ind2=" "><marc:subfield code="a">Norbok</marc:subfield><marc:subfield code="b">NB</marc:subfield></marc:datafield><marc:datafield tag="913" ind1=" " ind2=" "><marc:subfield code="a">NORLA</marc:subfield><marc:subfield code="b">NB</marc:subfield></marc:datafield><marc:datafield tag="960" ind1=" " ind2=" "><marc:subfield code="a">n</marc:subfield><marc:subfield code="9">local</marc:subfield></marc:datafield></marc:record>