
<marc:record><marc:leader>01646nam a2200361 c 4500</marc:leader>
<marc:controlfield tag="001">999920533100402202</marc:controlfield>
<marc:controlfield tag="005">20240702105720.0</marc:controlfield><marc:controlfield tag="007">ta</marc:controlfield><marc:controlfield tag="008">240626s2024    ua     e |||||00||1 ara| </marc:controlfield><marc:datafield tag="020" ind1=" " ind2=" "><marc:subfield code="z">9789773190872</marc:subfield><marc:subfield code="q">heftet</marc:subfield></marc:datafield><marc:datafield tag="035" ind1=" " ind2=" "><marc:subfield code="a">(EXLNZ-47BIBSYS_NETWORK)999922481372902201</marc:subfield></marc:datafield><marc:datafield tag="040" ind1=" " ind2=" "><marc:subfield code="a">NO-OsNB</marc:subfield><marc:subfield code="b">nob</marc:subfield><marc:subfield code="e">rda</marc:subfield></marc:datafield><marc:datafield tag="041" ind1="1" ind2=" "><marc:subfield code="a">ara</marc:subfield></marc:datafield><marc:datafield tag="082" ind1="0" ind2="4"><marc:subfield code="a">839.2374</marc:subfield><marc:subfield code="q">NO-OsNB</marc:subfield><marc:subfield code="2">23/nor/20240626</marc:subfield></marc:datafield><marc:datafield tag="100" ind1="1" ind2=" "><marc:subfield code="a">Fossum, Karin</marc:subfield><marc:subfield code="d">1954-</marc:subfield><marc:subfield code="0">(NO-TrBIB)90608300</marc:subfield><marc:subfield code="4">aut</marc:subfield></marc:datafield><marc:datafield tag="240" ind1="1" ind2="0"><marc:subfield code="a">Djevelen holder lyset</marc:subfield><marc:subfield code="l">Arabisk</marc:subfield></marc:datafield><marc:datafield tag="245" ind1="1" ind2="3"><marc:subfield code="6">880-01</marc:subfield><marc:subfield code="a">al-Shayṭān yaqud al-ṭarīq :</marc:subfield><marc:subfield code="b">riwyah min al-Nurwij</marc:subfield><marc:subfield code="c">Karin Fusum</marc:subfield></marc:datafield><marc:datafield tag="880" ind1="1" ind2="3"><marc:subfield code="6">245-01/(3/r</marc:subfield><marc:subfield code="a">الشيطان يقود الطريق :</marc:subfield><marc:subfield code="b">رواية من النروج</marc:subfield><marc:subfield code="c">كارين فوسم</marc:subfield></marc:datafield><marc:datafield tag="264" ind1=" " ind2="1"><marc:subfield code="a">al Qāhirah</marc:subfield><marc:subfield code="b">al-Arabi lil-nashr wa-al-tawzi'</marc:subfield><marc:subfield code="c">2024</marc:subfield></marc:datafield><marc:datafield tag="300" ind1=" " ind2=" "><marc:subfield code="a">344 sider</marc:subfield></marc:datafield><marc:datafield tag="336" ind1=" " ind2=" "><marc:subfield code="a">tekst</marc:subfield><marc:subfield code="0">http://rdaregistry.info/termList/RDAContentType/1020</marc:subfield><marc:subfield code="2">rdaco</marc:subfield></marc:datafield><marc:datafield tag="337" ind1=" " ind2=" "><marc:subfield code="a">uformidlet</marc:subfield><marc:subfield code="0">http://rdaregistry.info/termList/RDAMediaType/1007</marc:subfield><marc:subfield code="2">rdamt</marc:subfield></marc:datafield><marc:datafield tag="338" ind1=" " ind2=" "><marc:subfield code="a">bind</marc:subfield><marc:subfield code="0">http://rdaregistry.info/termList/RDACarrierType/1049</marc:subfield><marc:subfield code="2">rdact</marc:subfield></marc:datafield><marc:datafield tag="490" ind1="1" ind2=" "><marc:subfield code="a">Sasah al-muhaqqaq &quot;Kunrad Siyr&quot;</marc:subfield><marc:subfield code="v">4</marc:subfield></marc:datafield><marc:datafield tag="536" ind1=" " ind2=" "><marc:subfield code="a">NORLA</marc:subfield></marc:datafield><marc:datafield tag="655" ind1=" " ind2="7"><marc:subfield code="a">Krim</marc:subfield><marc:subfield code="0">(uri)https://id.nb.no/vocabulary/ntsf/159</marc:subfield><marc:subfield code="2">ntsf</marc:subfield></marc:datafield><marc:datafield tag="655" ind1=" " ind2="7"><marc:subfield code="a">Romaner</marc:subfield><marc:subfield code="0">(uri)https://id.nb.no/vocabulary/ntsf/258</marc:subfield><marc:subfield code="2">ntsf</marc:subfield></marc:datafield><marc:datafield tag="700" ind1="1" ind2=" "><marc:subfield code="a">'Adil, Hind</marc:subfield><marc:subfield code="0">(NO-TrBIB)1689826982571</marc:subfield><marc:subfield code="4">trl</marc:subfield></marc:datafield><marc:datafield tag="700" ind1="1" ind2=" "><marc:subfield code="a">Fossum, Karin</marc:subfield><marc:subfield code="d">1954-</marc:subfield><marc:subfield code="t">Djvelen holder lyset</marc:subfield><marc:subfield code="l">Arabisk</marc:subfield><marc:subfield code="0">(NO-TrBIB)90608300</marc:subfield></marc:datafield><marc:datafield tag="700" ind1="1" ind2=" "><marc:subfield code="i">Oversettelse av:</marc:subfield><marc:subfield code="a">Fossum, Karin</marc:subfield><marc:subfield code="d">1954-</marc:subfield><marc:subfield code="t">Djevelen holder lyset</marc:subfield><marc:subfield code="l">Norsk</marc:subfield><marc:subfield code="0">(NO-TrBIB)90608300</marc:subfield></marc:datafield><marc:datafield tag="800" ind1="1" ind2=" "><marc:subfield code="a">Fossum, Karin</marc:subfield><marc:subfield code="d">1954-</marc:subfield><marc:subfield code="t">en konrad sajer krim</marc:subfield><marc:subfield code="v">4</marc:subfield><marc:subfield code="0">(NO-TrBIB)90608300</marc:subfield></marc:datafield><marc:datafield tag="852" ind1="8" ind2=" "><marc:subfield code="b">0030100</marc:subfield><marc:subfield code="c">g00005</marc:subfield><marc:subfield code="h">NA/A 2024:3199</marc:subfield></marc:datafield><marc:datafield tag="913" ind1=" " ind2=" "><marc:subfield code="a">NORLA</marc:subfield><marc:subfield code="b">NB</marc:subfield></marc:datafield></marc:record>
</marc:collection>
